2392 4132
109 332 130 392 4
514 339 723 389 MILTIADES.

169 497 320 558 adversum
343 509 423 556 tenet
447 498 573 556 Athenis
596 497 855 575 proficiscentibus.
906 496 1067 571 Miltiades,

168 593 299 653 morandi
310 605 423 668 tempus
437 612 495 652 non
510 595 631 666 habens,
651 613 768 651 cursum
782 593 887 652 direxit
899 591 956 669 qud
970 594 1070 652 tende·

168 691 228 763 bat,
238 689 424 766 pervenitque
438 689 661 748 Chersonesum.

208 783 249 842 11.
290 783 337 841 Ibi
360 784 440 842 brevi
463 796 590 859 tempore
610 785 796 843 barbarorum
817 783 909 860 copiis
929 783 1069 859 disjectis,

128 881 150 939 ὅ
168 879 228 939 toth
240 880 369 957 regione,
383 899 469 954 quarn
482 878 614 956 petierat,
628 879 746 955 potitus,
757 878 957 937 locscastellis
965 879 1071 936 idonea

168 974 372 1034 communivit:
403 974 628 1047 multitudinem,
649 993 736 1048 quam
760 992 860 1031 secum
883 973 1016 1045 duxerat,
1039 973 1070 1030 in

169 1069 245 1146 agris
266 1069 426 1141 collocavit,
445 1069 611 1145 crebrisque
634 1068 856 1127 excursionibus
876 1068 1069 1143 locupletavit.

169 1163 273 1240 Neque
286 1161 383 1222 minus
394 1164 424 1221 in
435 1164 471 1221 ed
484 1184 515 1222 re
528 1164 681 1240 prudentii
701 1161 787 1239 quim
806 1163 944 1222 felicitate
956 1163 1071 1239 adjutus

170 1272 222 1319 est.
271 1259 348 1317 Nam
369 1278 457 1335 quum
484 1259 588 1318 virtute
614 1259 738 1318 militum
765 1258 890 1317 hostium
914 1258 1071 1317 devicisset
1173 1328 1176 1332 ¹

113 1357 151 1414 lu
170 1354 324 1428 exercitus,
349 1355 461 1413 summi
489 1355 623 1431 aequitate
649 1375 696 1413 res
720 1354 879 1427 constituit,
905 1366 990 1430 atque
1010 1355 1071 1430 ipse

170 1452 277 1509 ibidem
291 1469 408 1508 manere
422 1451 558 1509 decrevit.
600 1451 671 1508 Erat
681 1451 760 1508 enim
774 1449 913 1509 intereos
929 1450 1071 1526 dignitate

170 1547 261 1623 regist,
274 1546 405 1622 quamvis
415 1546 533 1604 carebat
541 1545 675 1616 nomine;
697 1564 790 1621 neque
799 1545 828 1602 id
839 1545 932 1621 magis
941 1544 1071 1620 imperio,

170 1639 257 1718 qudm
268 1641 390 1718 justius,
404 1653 587 1700 consecutus.
629 1640 733 1716 Neque
746 1639 783 1699 ed
797 1637 894 1698 ascitis
910 1640 1072 1698 Athenien·

171 1737 399 1812 sibus,aquibus
407 1748 469 1795 erat
477 1737 634 1813 profectus,
645 1736 741 1795 officia
750 1735 913 1812 prestabat.
953 1734 1072 1797 Quibus

114 1832 152 1889 15
170 1833 257 1890 rebus
270 1832 366 1903 fiebat,
388 1841 421 1888 ut
442 1849 501 1888 non
522 1828 620 1887 minda
642 1849 742 1887 eorum
763 1830 909 1888 voluntate
932 1828 1071 1906 perpetud

171 1925 322 2002 imperium
336 1923 496 1999 obtineret,
511 1923 560 1999 qui
581 1922 730 1996 miserant,
751 1920 837 1998 qudm
861 1923 985 1996 illorum,
1004 1944 1072 1982 cum

170 2020 274 2096 quibus
284 2029 346 2077 eret
358 2017 737 2095 profectus-Chersoneso
750 2017 801 2076 tali
811 2018 897 2077 modo
905 2019 1071 2092 constituit,

171 2115 314 2174 Lemnum
328 2113 487 2186 revertitur,
502 2124 532 2172 et
544 2123 680 2189 expecto
691 2113 827 2191 postulat,
841 2124 874 2172 ut
894 2113 950 2172 sibi
971 2115 1072 2172 urbem

171 2211 294 2268 tradam„
336 2207 472 2267 Illienim
493 2208 636 2282 dixerant,
658 2227 747 2283 quum
768 2220 855 2267 vento
875 2208 963 2266 hored
986 2210 1072 2268 domo

111 2304 153 2364 tu
171 2305 317 2382 profectus
330 2301 366 2360 ed
379 2302 647 2379 pervenisset,·sese
666 2303 832 2373 dedituros;
853 2323 885 2362 se
906 2315 1002 2362 autem
1024 2305 1074 2364 do·

171 2418 251 2458 mum
276 2397 452 2456 Chersonesi
472 2397 588 2456 hebere.
639 2397 741 2472 Ceres,
767 2398 817 2474 qui
842 2407 906 2457 tum
929 2399 1073 2458 Lemnum

172 2493 348 2565 incolebant,
359 2492 414 2551 etsi
426 2503 529 2569 preter
549 2492 715 2568 opinionem
738 2512 786 2552 res
804 2493 960 2566 ceciderat,
974 2507 1073 2553 tamen

171 2608 231 2648 non
254 2588 343 2660 dicto,
371 2587 422 2645 sed
442 2588 573 2658 secundat
597 2588 712 2646 fortuna
737 2588 962 2646 adversariorum
984 2592 1072 2666 capti,
1146 2658 1148 2663 y

171 2683 304 2743 resistere
320 2682 382 2741 ausi
398 2700 457 2742 non
479 2694 556 2756 sunt,
579 2694 663 2758 atque
685 2702 722 2740 ex
745 2681 841 2740 insule
864 2682 1071 2758 demigrairunt.

111 2778 152 2839 25
172 2778 239 2837 Pari
251 2777 388 2836 felicitate
396 2787 511 2835 caterae
520 2776 638 2849 insulas,
649 2796 713 2852 que
724 2777 868 2853 Cyclsdes
876 2777 1073 2854 nominentur,

173 2874 227 2932 sub
241 2872 466 2932 Atheniensium
479 2872 592 2948 redegit
605 2882 784 2948 potestatem.

211 2969 269 3028 111.
311 2969 429 3028 Eisdem
453 2968 629 3045 temporibus
653 2969 805 3028 Persarum
827 2988 878 3027 rex
899 2969 1015 3043 Darius,
1037 2990 1073 3029 ex

172 3064 246 3122 Asis
254 3065 285 3123 in
293 3065 439 3141 Europam
448 3064 577 3124 exercitu
586 3065 716 3140 trajecto,
726 3065 843 3141 Scythis
851 3064 959 3122 bellum
968 3065 1074 3124 inferre

172 3159 309 3217 decrevit.
352 3160 474 3218 Pontem
488 3160 558 3219 fecit
571 3160 601 3218 in
624 3160 725 3218 Histro
745 3158 875 3232 flumine,
899 3157 956 3234 qud
975 3161 1074 3237 copias

113 3255 155 3314 8⁰
173 3255 346 3313 traduceret.
395 3255 467 3330 Ejus
489 3255 595 3330 pontis,
617 3255 686 3313 dum
710 3255 772 3330 ipse
794 3255 917 3328 abesset,
938 3259 1075 3314 custodes

173 3349 288 3424 reliquit
300 3348 456 3425 principes,
470 3369 542 3425 quos
556 3369 655 3408 secum
669 3369 706 3407 ex
720 3349 804 3407 Ionii
814 3361 843 3408 et
865 3350 981 3408 AEolide
1004 3353 1074 3410 lux-

173 3455 254 3513 erat;
274 3443 385 3519 quibus·
390 3444 512 3520 singulis
525 3445 652 3521 ipsarum
666 3444 781 3502 urbium
794 3457 933 3522 perpetua
954 3447 1074 3507 dederat

174 3539 301 3616 imperia.
344 3538 394 3597 Sic
408 3539 485 3598 enirn
506 3541 617 3620 putavit
636 3538 772 3600 facillime
795 3560 826 3598 se
844 3541 949 3600 Graech
971 3541 1074 3616 linguat
