<?xml version="1.0" encoding="UTF-8"?>
<!DOCTYPE html PUBLIC "-//W3C//DTD XHTML 1.0 Transitional//EN"
    "http://www.w3.org/TR/xhtml1/DTD/xhtml1-transitional.dtd">
<html xmlns="http://www.w3.org/1999/xhtml" xml:lang="en" lang="en">
 <head>
  <title>
</title>
<meta http-equiv="Content-Type" content="text/html;charset=utf-8" />
  <meta name='ocr-system' content='tesseract 3.04.00' />
  <meta name='ocr-capabilities' content='ocr_page ocr_carea ocr_par ocr_line ocrx_word'/>
</head>
<body>
  <div class='ocr_page' id='page_1' title='image "./devitaexcellent00nepogoog_0092.png"; bbox 0 0 2392 4132; ppageno 0'>
   <div class='ocr_carea' id='block_1_1' title="bbox 498 311 1096 371">
    <p class='ocr_par' dir='ltr' id='par_1_1' title="bbox 498 311 1096 371">
     <span class='ocr_line' id='line_1_1' title="bbox 498 311 1096 371; baseline 0.007 -4"><span class='ocrx_word' id='word_1_1' title='bbox 498 318 675 367; x_wconf 76' lang='lat' dir='ltr'>EUMENES.</span> <span class='ocrx_word' id='word_1_2' title='bbox 1058 311 1096 371; x_wconf 79' lang='lat'>81</span> 
     </span>
    </p>
   </div>
   <div class='ocr_carea' id='block_1_2' title="bbox 128 475 1099 3594">
    <p class='ocr_par' dir='ltr' id='par_1_2' title="bbox 129 475 1079 1120">
     <span class='ocr_line' id='line_1_2' title="bbox 130 475 1040 552; baseline 0.005 -22"><span class='ocrx_word' id='word_1_3' title='bbox 130 493 198 532; x_wconf 77' lang='lat' dir='ltr'>tera</span> <span class='ocrx_word' id='word_1_4' title='bbox 212 475 311 532; x_wconf 88' lang='lat' dir='ltr'>audire</span> <span class='ocrx_word' id='word_1_5' title='bbox 327 494 384 533; x_wconf 93' lang='lat' dir='ltr'>non</span> <span class='ocrx_word' id='word_1_6' title='bbox 398 488 524 552; x_wconf 87' lang='lat' dir='ltr'>possent,</span> <span class='ocrx_word' id='word_1_7' title='bbox 544 489 574 535; x_wconf 90' lang='lat' dir='ltr'>et</span> <span class='ocrx_word' id='word_1_8' title='bbox 595 477 640 533; x_wconf 91' lang='lat' dir='ltr'>his</span> <span class='ocrx_word' id='word_1_9' title='bbox 663 475 859 552; x_wconf 88' lang='lat' dir='ltr'>persuaderet,</span> <span class='ocrx_word' id='word_1_10' title='bbox 882 494 914 533; x_wconf 89' lang='lat' dir='ltr'>se</span> <span class='ocrx_word' id='word_1_11' title='bbox 938 488 1040 535; x_wconf 84' lang='lat' dir='ltr'>contra</span> 
     </span>
     <span class='ocr_line' id='line_1_3' title="bbox 130 571 1038 648; baseline 0.004 -22"><span class='ocrx_word' id='word_1_12' title='bbox 130 571 269 645; x_wconf 89' lang='lat' dir='ltr'>quosdam</span> <span class='ocrx_word' id='word_1_13' title='bbox 283 571 420 628; x_wconf 90' lang='lat' dir='ltr'>barbaros</span> <span class='ocrx_word' id='word_1_14' title='bbox 430 571 583 647; x_wconf 88' lang='lat' dir='ltr'>proficisci.</span> <span class='ocrx_word' id='word_1_15' title='bbox 625 571 727 645; x_wconf 89' lang='lat' dir='ltr'>Itaque</span> <span class='ocrx_word' id='word_1_16' title='bbox 740 571 834 630; x_wconf 90' lang='lat' dir='ltr'>tenuit</span> <span class='ocrx_word' id='word_1_17' title='bbox 854 574 910 630; x_wconf 88' lang='lat' dir='ltr'>hoc</span> <span class='ocrx_word' id='word_1_18' title='bbox 923 591 1038 648; x_wconf 83' lang='lat' dir='ltr'>propos·</span> 
     </span>
     <span class='ocr_line' id='line_1_4' title="bbox 130 663 1037 743; baseline 0.004 -22"><span class='ocrx_word' id='word_1_19' title='bbox 130 665 211 736; x_wconf 87' lang='lat' dir='ltr'>itum,</span> <span class='ocrx_word' id='word_1_20' title='bbox 226 677 255 723; x_wconf 87' lang='lat' dir='ltr'>et</span> <span class='ocrx_word' id='word_1_21' title='bbox 268 663 348 740; x_wconf 83' lang='lat' dir='ltr'>priris</span> <span class='ocrx_word' id='word_1_22' title='bbox 364 665 394 722; x_wconf 92' lang='lat' dir='ltr'>in</span> <span class='ocrx_word' id='word_1_23' title='bbox 416 666 509 723; x_wconf 86' lang='lat' dir='ltr'>aciem</span> <span class='ocrx_word' id='word_1_24' title='bbox 533 667 692 724; x_wconf 84' lang='lat' dir='ltr'>exercitum</span> <span class='ocrx_word' id='word_1_25' title='bbox 717 668 826 740; x_wconf 84' lang='lat' dir='ltr'>eduxit,</span> <span class='ocrx_word' id='word_1_26' title='bbox 848 668 1037 743; x_wconf 69' lang='lat' dir='ltr'>proeliumque</span> 
     </span>
     <span class='ocr_line' id='line_1_5' title="bbox 129 758 1039 836; baseline 0.002 -19"><span class='ocrx_word' id='word_1_27' title='bbox 129 760 283 833; x_wconf 80' lang='lat' dir='ltr'><strong>commisit,</strong></span> <span class='ocrx_word' id='word_1_28' title='bbox 297 758 384 835; x_wconf 80' lang='lat' dir='ltr'>qudm</span> <span class='ocrx_word' id='word_1_29' title='bbox 401 761 506 819; x_wconf 90' lang='lat' dir='ltr'>milites</span> <span class='ocrx_word' id='word_1_30' title='bbox 530 761 576 818; x_wconf 87' lang='lat' dir='ltr'>sui</span> <span class='ocrx_word' id='word_1_31' title='bbox 600 761 717 833; x_wconf 90' lang='lat' dir='ltr'>scirent,</span> <span class='ocrx_word' id='word_1_32' title='bbox 742 781 810 818; x_wconf 93' lang='lat' dir='ltr'>cum</span> <span class='ocrx_word' id='word_1_33' title='bbox 831 761 935 836; x_wconf 89' lang='lat' dir='ltr'>quibus</span> <span class='ocrx_word' id='word_1_34' title='bbox 960 779 1039 819; x_wconf 86' lang='lat' dir='ltr'>arma</span> 
     </span>
     <span class='ocr_line' id='line_1_6' title="bbox 129 855 1079 933; baseline 0.004 -22"><span class='ocrx_word' id='word_1_35' title='bbox 129 855 301 912; x_wconf 89' lang='lat' dir='ltr'>conferrent.</span> <span class='ocrx_word' id='word_1_36' title='bbox 345 855 449 912; x_wconf 83' lang='lat' dir='ltr'>Effecit</span> <span class='ocrx_word' id='word_1_37' title='bbox 458 856 546 913; x_wconf 88' lang='lat' dir='ltr'>etiam</span> <span class='ocrx_word' id='word_1_38' title='bbox 557 855 628 913; x_wconf 93' lang='lat' dir='ltr'>illud</span> <span class='ocrx_word' id='word_1_39' title='bbox 639 857 767 913; x_wconf 89' lang='lat' dir='ltr'>locorum</span> <span class='ocrx_word' id='word_1_40' title='bbox 775 857 1036 933; x_wconf 86' lang='lat' dir='ltr'>praeoccupatione,</span> <span class='ocrx_word' id='word_1_41' title='bbox 1056 858 1079 915; x_wconf 78' lang='lat'><strong>5</strong></span> 
     </span>
     <span class='ocr_line' id='line_1_7' title="bbox 130 948 1040 1029; baseline 0.005 -24"><span class='ocrx_word' id='word_1_42' title='bbox 130 960 160 1007; x_wconf 88' lang='lat' dir='ltr'>ut</span> <span class='ocrx_word' id='word_1_43' title='bbox 173 950 302 1025; x_wconf 86' lang='lat' dir='ltr'>equitatu</span> <span class='ocrx_word' id='word_1_44' title='bbox 316 949 411 1026; x_wconf 82' lang='lat' dir='ltr'>potiris</span> <span class='ocrx_word' id='word_1_45' title='bbox 422 950 582 1023; x_wconf 80' lang='lat' dir='ltr'>dimicaret,</span> <span class='ocrx_word' id='word_1_46' title='bbox 596 970 652 1026; x_wconf 93' lang='lat' dir='ltr'>quo</span> <span class='ocrx_word' id='word_1_47' title='bbox 667 948 732 1027; x_wconf 77' lang='lat' dir='ltr'>plus</span> <span class='ocrx_word' id='word_1_48' title='bbox 744 952 867 1025; x_wconf 80' lang='lat' dir='ltr'>valebat,</span> <span class='ocrx_word' id='word_1_49' title='bbox 883 950 970 1027; x_wconf 74' lang='lat' dir='ltr'>quim</span> <span class='ocrx_word' id='word_1_50' title='bbox 990 970 1040 1029; x_wconf 89' lang='lat' dir='ltr'>pe-</span> 
     </span>
     <span class='ocr_line' id='line_1_8' title="bbox 129 1044 525 1120; baseline 0.005 -19"><span class='ocrx_word' id='word_1_51' title='bbox 129 1044 232 1117; x_wconf 87' lang='lat' dir='ltr'>ditatu,</span> <span class='ocrx_word' id='word_1_52' title='bbox 247 1064 303 1120; x_wconf 93' lang='lat' dir='ltr'>quo</span> <span class='ocrx_word' id='word_1_53' title='bbox 317 1057 379 1103; x_wconf 85' lang='lat' dir='ltr'>erat</span> <span class='ocrx_word' id='word_1_54' title='bbox 393 1046 525 1104; x_wconf 85' lang='lat' dir='ltr'>deterior.</span> 
     </span>
    </p>

    <p class='ocr_par' dir='ltr' id='par_1_3' title="bbox 128 1139 1099 3023">
     <span class='ocr_line' id='line_1_9' title="bbox 168 1139 1040 1218; baseline 0.005 -22"><span class='ocrx_word' id='word_1_55' title='bbox 168 1139 222 1197; x_wconf 90' lang='lat' dir='ltr'>IV.</span> <span class='ocrx_word' id='word_1_56' title='bbox 262 1140 398 1201; x_wconf 78' lang='lat' dir='ltr'>Quorum</span> <span class='ocrx_word' id='word_1_57' title='bbox 412 1140 553 1200; x_wconf 89' lang='lat' dir='ltr'>acerrimo</span> <span class='ocrx_word' id='word_1_58' title='bbox 566 1160 709 1199; x_wconf 75' lang='lat' dir='ltr'><strong>concursu</strong></span> <span class='ocrx_word' id='word_1_59' title='bbox 723 1159 811 1216; x_wconf 94' lang='lat' dir='ltr'>quum</span> <span class='ocrx_word' id='word_1_60' title='bbox 828 1159 962 1217; x_wconf 81' lang='lat' dir='ltr'>magnam</span> <span class='ocrx_word' id='word_1_61' title='bbox 976 1160 1040 1218; x_wconf 88' lang='lat' dir='ltr'>par·</span> 
     </span>
     <span class='ocr_line' id='line_1_10' title="bbox 130 1234 1040 1314; baseline 0.004 -23"><span class='ocrx_word' id='word_1_62' title='bbox 130 1245 188 1291; x_wconf 93' lang='lat' dir='ltr'>tem</span> <span class='ocrx_word' id='word_1_63' title='bbox 203 1234 262 1291; x_wconf 91' lang='lat' dir='ltr'>diei</span> <span class='ocrx_word' id='word_1_64' title='bbox 272 1245 350 1292; x_wconf 88' lang='lat' dir='ltr'>esset</span> <span class='ocrx_word' id='word_1_65' title='bbox 363 1246 533 1311; x_wconf 86' lang='lat' dir='ltr'>pugnatum,</span> <span class='ocrx_word' id='word_1_66' title='bbox 548 1235 626 1293; x_wconf 88' lang='lat' dir='ltr'>cadit</span> <span class='ocrx_word' id='word_1_67' title='bbox 640 1236 778 1294; x_wconf 88' lang='lat' dir='ltr'>Craterus</span> <span class='ocrx_word' id='word_1_68' title='bbox 799 1236 868 1309; x_wconf 83' lang='lat' dir='ltr'>dux,</span> <span class='ocrx_word' id='word_1_69' title='bbox 893 1247 922 1294; x_wconf 88' lang='lat' dir='ltr'>et</span> <span class='ocrx_word' id='word_1_70' title='bbox 943 1236 1040 1314; x_wconf 90' lang='lat' dir='ltr'>Neop-</span> 
     </span>
     <span class='ocr_line' id='line_1_11' title="bbox 129 1330 1099 1406; baseline 0.005 -20"><span class='ocrx_word' id='word_1_71' title='bbox 129 1330 263 1402; x_wconf 87' lang='lat' dir='ltr'>tolemus,</span> <span class='ocrx_word' id='word_1_72' title='bbox 287 1330 336 1404; x_wconf 92' lang='lat' dir='ltr'>qui</span> <span class='ocrx_word' id='word_1_73' title='bbox 363 1330 525 1387; x_wconf 90' lang='lat' dir='ltr'>secundum</span> <span class='ocrx_word' id='word_1_74' title='bbox 546 1331 642 1388; x_wconf 90' lang='lat' dir='ltr'>locum</span> <span class='ocrx_word' id='word_1_75' title='bbox 662 1330 774 1406; x_wconf 90' lang='lat' dir='ltr'>imperii</span> <span class='ocrx_word' id='word_1_76' title='bbox 795 1332 921 1390; x_wconf 89' lang='lat' dir='ltr'>tenebat.</span> <span class='ocrx_word' id='word_1_77' title='bbox 962 1331 1037 1390; x_wconf 89' lang='lat' dir='ltr'>Cum</span> <span class='ocrx_word' id='word_1_78' title='bbox 1061 1333 1099 1391; x_wconf 84' lang='lat' dir='ltr'>lu</span> 
     </span>
     <span class='ocr_line' id='line_1_12' title="bbox 129 1424 1039 1500; baseline 0.003 -18"><span class='ocrx_word' id='word_1_79' title='bbox 129 1426 185 1482; x_wconf 88' lang='lat' dir='ltr'>hoc</span> <span class='ocrx_word' id='word_1_80' title='bbox 200 1424 353 1482; x_wconf 88' lang='lat' dir='ltr'>concurrit</span> <span class='ocrx_word' id='word_1_81' title='bbox 361 1425 422 1500; x_wconf 89' lang='lat' dir='ltr'>ipse</span> <span class='ocrx_word' id='word_1_82' title='bbox 436 1424 592 1482; x_wconf 89' lang='lat' dir='ltr'>Eumenes.</span> <span class='ocrx_word' id='word_1_83' title='bbox 633 1425 696 1486; x_wconf 81' lang='lat' dir='ltr'>Qui</span> <span class='ocrx_word' id='word_1_84' title='bbox 710 1444 799 1500; x_wconf 92' lang='lat' dir='ltr'>quum</span> <span class='ocrx_word' id='word_1_85' title='bbox 814 1426 889 1484; x_wconf 90' lang='lat' dir='ltr'>inter</span> <span class='ocrx_word' id='word_1_86' title='bbox 910 1446 941 1484; x_wconf 87' lang='lat' dir='ltr'>se</span> <span class='ocrx_word' id='word_1_87' title='bbox 962 1446 1039 1484; x_wconf 93' lang='lat' dir='ltr'>com·</span> 
     </span>
     <span class='ocr_line' id='line_1_13' title="bbox 128 1518 1039 1597; baseline 0.003 -22"><span class='ocrx_word' id='word_1_88' title='bbox 128 1518 205 1594; x_wconf 76' lang='lat' dir='ltr'>plexi</span> <span class='ocrx_word' id='word_1_89' title='bbox 220 1519 251 1576; x_wconf 91' lang='lat' dir='ltr'>in</span> <span class='ocrx_word' id='word_1_90' title='bbox 265 1531 371 1577; x_wconf 90' lang='lat' dir='ltr'>terram</span> <span class='ocrx_word' id='word_1_91' title='bbox 384 1539 420 1576; x_wconf 81' lang='lat' dir='ltr'>en</span> <span class='ocrx_word' id='word_1_92' title='bbox 445 1519 526 1594; x_wconf 90' lang='lat' dir='ltr'>equis</span> <span class='ocrx_word' id='word_1_93' title='bbox 548 1519 735 1592; x_wconf 82' lang='lat' dir='ltr'>decidissent,</span> <span class='ocrx_word' id='word_1_94' title='bbox 754 1532 786 1578; x_wconf 91' lang='lat' dir='ltr'>ut</span> <span class='ocrx_word' id='word_1_95' title='bbox 810 1519 895 1578; x_wconf 75' lang='lat' dir='ltr'>facile</span> <span class='ocrx_word' id='word_1_96' title='bbox 916 1520 1039 1597; x_wconf 88' lang='lat' dir='ltr'>intelligi</span> 
     </span>
     <span class='ocr_line' id='line_1_14' title="bbox 128 1613 1039 1690; baseline 0 -19"><span class='ocrx_word' id='word_1_97' title='bbox 128 1625 234 1690; x_wconf 88' lang='lat' dir='ltr'>posset,</span> <span class='ocrx_word' id='word_1_98' title='bbox 246 1614 365 1671; x_wconf 68' lang='lat' dir='ltr'>inimici</span> <span class='ocrx_word' id='word_1_99' title='bbox 376 1626 473 1672; x_wconf 89' lang='lat' dir='ltr'>mente</span> <span class='ocrx_word' id='word_1_100' title='bbox 484 1613 679 1686; x_wconf 82' lang='lat' dir='ltr'>contendisse,</span> <span class='ocrx_word' id='word_1_101' title='bbox 690 1614 842 1688; x_wconf 89' lang='lat' dir='ltr'>animoque</span> <span class='ocrx_word' id='word_1_102' title='bbox 851 1615 944 1689; x_wconf 86' lang='lat' dir='ltr'>magis</span> <span class='ocrx_word' id='word_1_103' title='bbox 952 1615 1039 1672; x_wconf 88' lang='lat' dir='ltr'>etiam</span> 
     </span>
     <span class='ocr_line' id='line_1_15' title="bbox 129 1706 1036 1785; baseline -0.002 -19"><span class='ocrx_word' id='word_1_104' title='bbox 129 1709 273 1785; x_wconf 70' lang='lat' dir='ltr'>pugnisse</span> <span class='ocrx_word' id='word_1_105' title='bbox 286 1707 372 1785; x_wconf 75' lang='lat' dir='ltr'>qudm</span> <span class='ocrx_word' id='word_1_106' title='bbox 386 1728 504 1785; x_wconf 89' lang='lat' dir='ltr'>corpore</span> <span class='ocrx_word' id='word_1_107' title='bbox 516 1729 523 1776; x_wconf 92' lang='lat'>;</span> <span class='ocrx_word' id='word_1_108' title='bbox 545 1728 604 1765; x_wconf 92' lang='lat' dir='ltr'>non</span> <span class='ocrx_word' id='word_1_109' title='bbox 618 1707 698 1784; x_wconf 82' lang='lat' dir='ltr'>priirs</span> <span class='ocrx_word' id='word_1_110' title='bbox 712 1708 842 1766; x_wconf 80' lang='lat' dir='ltr'>distracti</span> <span class='ocrx_word' id='word_1_111' title='bbox 857 1710 933 1782; x_wconf 84' lang='lat' dir='ltr'>s&#39;unt,</span> <span class='ocrx_word' id='word_1_112' title='bbox 951 1706 1036 1785; x_wconf 81' lang='lat' dir='ltr'>qudm</span> 
     </span>
     <span class='ocr_line' id='line_1_16' title="bbox 130 1804 1098 1882; baseline 0 -19"><span class='ocrx_word' id='word_1_113' title='bbox 130 1807 250 1863; x_wconf 89' lang='lat' dir='ltr'>alterum</span> <span class='ocrx_word' id='word_1_114' title='bbox 266 1805 363 1862; x_wconf 90' lang='lat' dir='ltr'>anima</span> <span class='ocrx_word' id='word_1_115' title='bbox 376 1804 531 1880; x_wconf 88' lang='lat' dir='ltr'>reliquerit.</span> <span class='ocrx_word' id='word_1_116' title='bbox 573 1805 621 1861; x_wconf 89' lang='lat' dir='ltr'>Ab</span> <span class='ocrx_word' id='word_1_117' title='bbox 635 1805 691 1862; x_wconf 89' lang='lat' dir='ltr'>hoc</span> <span class='ocrx_word' id='word_1_118' title='bbox 700 1805 808 1880; x_wconf 89' lang='lat' dir='ltr'>aliquot</span> <span class='ocrx_word' id='word_1_119' title='bbox 819 1805 912 1882; x_wconf 86' lang='lat' dir='ltr'>plagis</span> <span class='ocrx_word' id='word_1_120' title='bbox 933 1804 1039 1862; x_wconf 89' lang='lat' dir='ltr'>Eume-</span> <span class='ocrx_word' id='word_1_121' title='bbox 1061 1807 1098 1863; x_wconf 85' lang='lat'>15</span> 
     </span>
     <span class='ocr_line' id='line_1_17' title="bbox 128 1899 1039 1977; baseline 0 -19"><span class='ocrx_word' id='word_1_122' title='bbox 128 1920 181 1958; x_wconf 89' lang='lat' dir='ltr'>nes</span> <span class='ocrx_word' id='word_1_123' title='bbox 194 1901 369 1973; x_wconf 85' lang='lat' dir='ltr'>vulneratur,</span> <span class='ocrx_word' id='word_1_124' title='bbox 384 1920 478 1975; x_wconf 91' lang='lat' dir='ltr'>neque</span> <span class='ocrx_word' id='word_1_125' title='bbox 491 1899 527 1958; x_wconf 81' lang='lat' dir='ltr'>ed</span> <span class='ocrx_word' id='word_1_126' title='bbox 539 1901 631 1976; x_wconf 87' lang='lat' dir='ltr'>magis</span> <span class='ocrx_word' id='word_1_127' title='bbox 649 1920 686 1957; x_wconf 83' lang='lat' dir='ltr'>ex</span> <span class='ocrx_word' id='word_1_128' title='bbox 708 1901 809 1977; x_wconf 90' lang='lat' dir='ltr'>proelio</span> <span class='ocrx_word' id='word_1_129' title='bbox 831 1900 965 1974; x_wconf 85' lang='lat' dir='ltr'>excessit,</span> <span class='ocrx_word' id='word_1_130' title='bbox 987 1902 1039 1958; x_wconf 91' lang='lat' dir='ltr'>sed</span> 
     </span>
     <span class='ocr_line' id='line_1_18' title="bbox 129 1993 1039 2073; baseline 0.001 -20"><span class='ocrx_word' id='word_1_131' title='bbox 129 1993 224 2054; x_wconf 81' lang='lat' dir='ltr'>acrids</span> <span class='ocrx_word' id='word_1_132' title='bbox 239 1997 335 2053; x_wconf 89' lang='lat' dir='ltr'>hostes</span> <span class='ocrx_word' id='word_1_133' title='bbox 354 1995 466 2054; x_wconf 89' lang='lat' dir='ltr'>institit.</span> <span class='ocrx_word' id='word_1_134' title='bbox 508 1995 568 2053; x_wconf 84' lang='lat' dir='ltr'>Hic</span> <span class='ocrx_word' id='word_1_135' title='bbox 591 1996 736 2071; x_wconf 91' lang='lat' dir='ltr'>equitibus</span> <span class='ocrx_word' id='word_1_136' title='bbox 758 1996 927 2073; x_wconf 85' lang='lat' dir='ltr'>profligatis,</span> <span class='ocrx_word' id='word_1_137' title='bbox 952 1997 1039 2055; x_wconf 91' lang='lat' dir='ltr'>inter·</span> 
     </span>
     <span class='ocr_line' id='line_1_19' title="bbox 129 2089 1040 2168; baseline 0.001 -19"><span class='ocrx_word' id='word_1_138' title='bbox 129 2092 205 2149; x_wconf 81' lang='lat' dir='ltr'>secto</span> <span class='ocrx_word' id='word_1_139' title='bbox 218 2092 293 2149; x_wconf 91' lang='lat' dir='ltr'>duce</span> <span class='ocrx_word' id='word_1_140' title='bbox 308 2090 438 2164; x_wconf 87' lang='lat' dir='ltr'>Cratero,</span> <span class='ocrx_word' id='word_1_141' title='bbox 453 2091 551 2149; x_wconf 89' lang='lat' dir='ltr'>multis</span> <span class='ocrx_word' id='word_1_142' title='bbox 563 2102 703 2168; x_wconf 85' lang='lat' dir='ltr'>praeterea</span> <span class='ocrx_word' id='word_1_143' title='bbox 711 2103 740 2149; x_wconf 92' lang='lat' dir='ltr'>et</span> <span class='ocrx_word' id='word_1_144' title='bbox 752 2089 877 2148; x_wconf 73' lang='lat' dir='ltr'>maxime</span> <span class='ocrx_word' id='word_1_145' title='bbox 894 2091 1040 2150; x_wconf 87' lang='lat' dir='ltr'>nobilibus</span> 
     </span>
     <span class='ocr_line' id='line_1_20' title="bbox 129 2185 1039 2263; baseline -0.002 -19"><span class='ocrx_word' id='word_1_146' title='bbox 129 2187 231 2262; x_wconf 85' lang='lat' dir='ltr'>captis,</span> <span class='ocrx_word' id='word_1_147' title='bbox 244 2187 377 2263; x_wconf 84' lang='lat' dir='ltr'>pedester</span> <span class='ocrx_word' id='word_1_148' title='bbox 391 2186 545 2259; x_wconf 85' lang='lat' dir='ltr'>exercitus,</span> <span class='ocrx_word' id='word_1_149' title='bbox 560 2185 637 2260; x_wconf 85' lang='lat' dir='ltr'>qudd</span> <span class='ocrx_word' id='word_1_150' title='bbox 656 2185 685 2242; x_wconf 93' lang='lat' dir='ltr'>in</span> <span class='ocrx_word' id='word_1_151' title='bbox 707 2205 743 2242; x_wconf 87' lang='lat' dir='ltr'>ea</span> <span class='ocrx_word' id='word_1_152' title='bbox 761 2186 826 2243; x_wconf 87' lang='lat' dir='ltr'>loca</span> <span class='ocrx_word' id='word_1_153' title='bbox 849 2196 911 2243; x_wconf 93' lang='lat' dir='ltr'>erat</span> <span class='ocrx_word' id='word_1_154' title='bbox 932 2187 1039 2242; x_wconf 91' lang='lat' dir='ltr'>deduc·</span> 
     </span>
     <span class='ocr_line' id='line_1_21' title="bbox 129 2279 1099 2356; baseline -0.002 -16"><span class='ocrx_word' id='word_1_155' title='bbox 129 2293 185 2354; x_wconf 91' lang='lat' dir='ltr'>tus,</span> <span class='ocrx_word' id='word_1_156' title='bbox 200 2293 232 2339; x_wconf 91' lang='lat' dir='ltr'>ut</span> <span class='ocrx_word' id='word_1_157' title='bbox 246 2280 335 2338; x_wconf 88' lang='lat' dir='ltr'>invito</span> <span class='ocrx_word' id='word_1_158' title='bbox 352 2280 485 2337; x_wconf 87' lang='lat' dir='ltr'>Eumene</span> <span class='ocrx_word' id='word_1_159' title='bbox 506 2279 583 2337; x_wconf 80' lang='lat' dir='ltr'>elabi</span> <span class='ocrx_word' id='word_1_160' title='bbox 605 2300 664 2338; x_wconf 93' lang='lat' dir='ltr'>non</span> <span class='ocrx_word' id='word_1_161' title='bbox 688 2290 794 2356; x_wconf 82' lang='lat' dir='ltr'>posset,</span> <span class='ocrx_word' id='word_1_162' title='bbox 818 2299 922 2356; x_wconf 89' lang='lat' dir='ltr'>pacem</span> <span class='ocrx_word' id='word_1_163' title='bbox 944 2280 981 2338; x_wconf 89' lang='lat' dir='ltr'>ab</span> <span class='ocrx_word' id='word_1_164' title='bbox 1002 2299 1037 2338; x_wconf 90' lang='lat' dir='ltr'>eo</span> <span class='ocrx_word' id='word_1_165' title='bbox 1058 2280 1099 2338; x_wconf 73' lang='lat'>2⁰</span> 
     </span>
     <span class='ocr_line' id='line_1_22' title="bbox 128 2376 1040 2452; baseline 0 -18"><span class='ocrx_word' id='word_1_166' title='bbox 128 2376 219 2452; x_wconf 87' lang='lat' dir='ltr'>petiit.</span> <span class='ocrx_word' id='word_1_167' title='bbox 260 2376 360 2437; x_wconf 78' lang='lat' dir='ltr'>Quam</span> <span class='ocrx_word' id='word_1_168' title='bbox 374 2395 463 2451; x_wconf 92' lang='lat' dir='ltr'>quum</span> <span class='ocrx_word' id='word_1_169' title='bbox 477 2376 668 2452; x_wconf 75' lang='lat' dir='ltr'>impetrdsset&#39;,</span> <span class='ocrx_word' id='word_1_170' title='bbox 684 2376 713 2433; x_wconf 94' lang='lat' dir='ltr'>in</span> <span class='ocrx_word' id='word_1_171' title='bbox 728 2376 785 2434; x_wconf 87' lang='lat' dir='ltr'>fide</span> <span class='ocrx_word' id='word_1_172' title='bbox 799 2396 858 2434; x_wconf 90' lang='lat' dir='ltr'>non</span> <span class='ocrx_word' id='word_1_173' title='bbox 879 2376 995 2449; x_wconf 87' lang='lat' dir='ltr'>mansit,</span> <span class='ocrx_word' id='word_1_174' title='bbox 1009 2387 1040 2434; x_wconf 88' lang='lat' dir='ltr'>et</span> 
     </span>
     <span class='ocr_line' id='line_1_23' title="bbox 129 2470 1040 2547; baseline 0 -19"><span class='ocrx_word' id='word_1_175' title='bbox 129 2491 171 2543; x_wconf 90' lang='lat' dir='ltr'>se,</span> <span class='ocrx_word' id='word_1_176' title='bbox 183 2471 268 2529; x_wconf 90' lang='lat' dir='ltr'>simul</span> <span class='ocrx_word' id='word_1_177' title='bbox 284 2491 318 2529; x_wconf 84' lang='lat' dir='ltr'>ac</span> <span class='ocrx_word' id='word_1_178' title='bbox 337 2470 440 2547; x_wconf 91' lang='lat' dir='ltr'>potuit,</span> <span class='ocrx_word' id='word_1_179' title='bbox 464 2471 500 2527; x_wconf 86' lang='lat' dir='ltr'>ad</span> <span class='ocrx_word' id='word_1_180' title='bbox 522 2471 709 2546; x_wconf 85' lang='lat' dir='ltr'>Antipatrum</span> <span class='ocrx_word' id='word_1_181' title='bbox 732 2471 851 2547; x_wconf 89' lang='lat' dir='ltr'>recepit.</span> <span class='ocrx_word' id='word_1_182' title='bbox 892 2470 1040 2528; x_wconf 83' lang='lat' dir='ltr'>Eumenes</span> 
     </span>
     <span class='ocr_line' id='line_1_24' title="bbox 132 2565 1038 2639; baseline -0.002 -14"><span class='ocrx_word' id='word_1_183' title='bbox 132 2568 294 2639; x_wconf 88' lang='lat' dir='ltr'>Craterum,</span> <span class='ocrx_word' id='word_1_184' title='bbox 308 2586 343 2624; x_wconf 86' lang='lat' dir='ltr'>ex</span> <span class='ocrx_word' id='word_1_185' title='bbox 359 2567 422 2623; x_wconf 80' lang='lat' dir='ltr'>scie</span> <span class='ocrx_word' id='word_1_186' title='bbox 436 2565 604 2623; x_wconf 84' lang='lat' dir='ltr'>semivivum</span> <span class='ocrx_word' id='word_1_187' title='bbox 623 2566 741 2638; x_wconf 86' lang='lat' dir='ltr'>elatum,</span> <span class='ocrx_word' id='word_1_188' title='bbox 765 2584 896 2623; x_wconf 84' lang='lat' dir='ltr'>recreare</span> <span class='ocrx_word' id='word_1_189' title='bbox 920 2566 1038 2624; x_wconf 90' lang='lat' dir='ltr'>studuit.</span> 
     </span>
     <span class='ocr_line' id='line_1_25' title="bbox 128 2659 1038 2738; baseline -0.002 -19"><span class='ocrx_word' id='word_1_190' title='bbox 128 2663 231 2724; x_wconf 82' lang='lat' dir='ltr'>Quum</span> <span class='ocrx_word' id='word_1_191' title='bbox 258 2662 287 2718; x_wconf 93' lang='lat' dir='ltr'>id</span> <span class='ocrx_word' id='word_1_192' title='bbox 314 2681 373 2720; x_wconf 92' lang='lat' dir='ltr'>non</span> <span class='ocrx_word' id='word_1_193' title='bbox 397 2673 503 2738; x_wconf 89' lang='lat' dir='ltr'>posset,</span> <span class='ocrx_word' id='word_1_194' title='bbox 531 2681 583 2737; x_wconf 92' lang='lat' dir='ltr'>pro</span> <span class='ocrx_word' id='word_1_195' title='bbox 609 2659 734 2719; x_wconf 90' lang='lat' dir='ltr'>hominis</span> <span class='ocrx_word' id='word_1_196' title='bbox 758 2660 909 2736; x_wconf 82' lang='lat' dir='ltr'>dignitate,</span> <span class='ocrx_word' id='word_1_197' title='bbox 931 2680 1038 2736; x_wconf 90' lang='lat' dir='ltr'>proque</span> 
     </span>
     <span class='ocr_line' id='line_1_26' title="bbox 128 2754 1099 2832; baseline 0 -19"><span class='ocrx_word' id='word_1_198' title='bbox 128 2757 249 2832; x_wconf 67' lang='lat' dir='ltr'>pristini</span> <span class='ocrx_word' id='word_1_199' title='bbox 264 2756 397 2814; x_wconf 71' lang='lat' dir='ltr'>amicitid&#39;</span> <span class='ocrx_word' id='word_1_200' title='bbox 407 2754 545 2832; x_wconf 86' lang='lat' dir='ltr'>(namque</span> <span class='ocrx_word' id='word_1_201' title='bbox 559 2756 608 2814; x_wconf 90' lang='lat' dir='ltr'>illo</span> <span class='ocrx_word' id='word_1_202' title='bbox 622 2776 691 2814; x_wconf 91' lang='lat' dir='ltr'>usus</span> <span class='ocrx_word' id='word_1_203' title='bbox 705 2767 776 2828; x_wconf 88' lang='lat' dir='ltr'>erat,</span> <span class='ocrx_word' id='word_1_204' title='bbox 788 2756 955 2813; x_wconf 85' lang='lat' dir='ltr'>Alexandro</span> <span class='ocrx_word' id='word_1_205' title='bbox 966 2755 1039 2826; x_wconf 88' lang='lat' dir='ltr'>vivo,</span> <span class='ocrx_word' id='word_1_206' title='bbox 1058 2754 1099 2813; x_wconf 73' lang='lat'>25</span> 
     </span>
     <span class='ocr_line' id='line_1_27' title="bbox 129 2848 1040 2930; baseline -0.007 -20"><span class='ocrx_word' id='word_1_207' title='bbox 129 2852 321 2930; x_wconf 83' lang='lat' dir='ltr'>familiariter)</span> <span class='ocrx_word' id='word_1_208' title='bbox 338 2853 432 2927; x_wconf 90' lang='lat' dir='ltr'>amplo</span> <span class='ocrx_word' id='word_1_209' title='bbox 447 2853 547 2909; x_wconf 88' lang='lat' dir='ltr'>funere</span> <span class='ocrx_word' id='word_1_210' title='bbox 556 2851 667 2924; x_wconf 87' lang='lat' dir='ltr'>extulit,</span> <span class='ocrx_word' id='word_1_211' title='bbox 681 2869 803 2924; x_wconf 87' lang='lat' dir='ltr'>ossaque</span> <span class='ocrx_word' id='word_1_212' title='bbox 821 2850 852 2906; x_wconf 91' lang='lat' dir='ltr'>in</span> <span class='ocrx_word' id='word_1_213' title='bbox 871 2848 1040 2906; x_wconf 88' lang='lat' dir='ltr'>Macedoni·</span> 
     </span>
     <span class='ocr_line' id='line_1_28' title="bbox 129 2945 640 3023; baseline -0.008 -18"><span class='ocrx_word' id='word_1_214' title='bbox 129 2967 175 3005; x_wconf 89' lang='lat' dir='ltr'>am</span> <span class='ocrx_word' id='word_1_215' title='bbox 190 2947 272 3005; x_wconf 83' lang='lat' dir='ltr'>uxori</span> <span class='ocrx_word' id='word_1_216' title='bbox 285 2947 349 3023; x_wconf 89' lang='lat' dir='ltr'>ejus</span> <span class='ocrx_word' id='word_1_217' title='bbox 363 2966 397 3004; x_wconf 85' lang='lat' dir='ltr'>ac</span> <span class='ocrx_word' id='word_1_218' title='bbox 408 2946 507 3004; x_wconf 86' lang='lat' dir='ltr'>liberis</span> <span class='ocrx_word' id='word_1_219' title='bbox 520 2945 640 3003; x_wconf 89' lang='lat' dir='ltr'>remisit.</span> 
     </span>
    </p>

    <p class='ocr_par' dir='ltr' id='par_1_4' title="bbox 128 3037 1099 3594">
     <span class='ocr_line' id='line_1_29' title="bbox 168 3037 1041 3118; baseline -0.006 -18"><span class='ocrx_word' id='word_1_220' title='bbox 168 3043 204 3100; x_wconf 88' lang='lat' dir='ltr'>V.</span> <span class='ocrx_word' id='word_1_221' title='bbox 247 3042 321 3100; x_wconf 79' lang='lat' dir='ltr'>Haec</span> <span class='ocrx_word' id='word_1_222' title='bbox 335 3043 403 3100; x_wconf 92' lang='lat' dir='ltr'>dum</span> <span class='ocrx_word' id='word_1_223' title='bbox 417 3042 493 3118; x_wconf 86' lang='lat' dir='ltr'>apud</span> <span class='ocrx_word' id='word_1_224' title='bbox 507 3040 728 3116; x_wconf 90' lang='lat' dir='ltr'>Hellespontum</span> <span class='ocrx_word' id='word_1_225' title='bbox 753 3049 902 3114; x_wconf 86' lang='lat' dir='ltr'>geruntur,</span> <span class='ocrx_word' id='word_1_226' title='bbox 924 3037 1041 3095; x_wconf 88' lang='lat' dir='ltr'>Perdio-</span> 
     </span>
     <span class='ocr_line' id='line_1_30' title="bbox 128 3133 1039 3214; baseline -0.002 -19"><span class='ocrx_word' id='word_1_227' title='bbox 128 3158 179 3196; x_wconf 90' lang='lat' dir='ltr'>cas</span> <span class='ocrx_word' id='word_1_228' title='bbox 194 3139 270 3214; x_wconf 90' lang='lat' dir='ltr'>apud</span> <span class='ocrx_word' id='word_1_229' title='bbox 284 3136 392 3194; x_wconf 87' lang='lat' dir='ltr'>flumen</span> <span class='ocrx_word' id='word_1_230' title='bbox 408 3135 509 3193; x_wconf 92' lang='lat' dir='ltr'>Nilum</span> <span class='ocrx_word' id='word_1_231' title='bbox 525 3135 695 3193; x_wconf 89' lang='lat' dir='ltr'>interficitur</span> <span class='ocrx_word' id='word_1_232' title='bbox 707 3153 725 3191; x_wconf 90' lang='lat' dir='ltr'>a</span> <span class='ocrx_word' id='word_1_233' title='bbox 738 3135 862 3192; x_wconf 86' lang='lat' dir='ltr'>Seleuco</span> <span class='ocrx_word' id='word_1_234' title='bbox 876 3145 904 3192; x_wconf 88' lang='lat' dir='ltr'>et</span> <span class='ocrx_word' id='word_1_235' title='bbox 916 3133 1039 3210; x_wconf 84' lang='lat' dir='ltr'>Antigo-</span> 
     </span>
     <span class='ocr_line' id='line_1_31' title="bbox 129 3225 1099 3307; baseline -0.003 -17"><span class='ocrx_word' id='word_1_236' title='bbox 129 3252 183 3302; x_wconf 91' lang='lat' dir='ltr'>no;</span> <span class='ocrx_word' id='word_1_237' title='bbox 206 3250 359 3307; x_wconf 88' lang='lat' dir='ltr'>rerumque</span> <span class='ocrx_word' id='word_1_238' title='bbox 384 3249 496 3288; x_wconf 90' lang='lat' dir='ltr'>summa</span> <span class='ocrx_word' id='word_1_239' title='bbox 518 3231 553 3287; x_wconf 90' lang='lat' dir='ltr'>ad</span> <span class='ocrx_word' id='word_1_240' title='bbox 582 3229 768 3305; x_wconf 88' lang='lat' dir='ltr'>Antipatrum</span> <span class='ocrx_word' id='word_1_241' title='bbox 792 3229 928 3287; x_wconf 87' lang='lat' dir='ltr'>defertur.</span> <span class='ocrx_word' id='word_1_242' title='bbox 956 3225 1039 3302; x_wconf 78' lang='lat' dir='ltr'>&#39;Hic,</span> <span class='ocrx_word' id='word_1_243' title='bbox 1059 3229 1099 3288; x_wconf 80' lang='grc'>30</span> 
     </span>
     <span class='ocr_line' id='line_1_32' title="bbox 128 3323 1040 3403; baseline -0.002 -19"><span class='ocrx_word' id='word_1_244' title='bbox 128 3327 177 3403; x_wconf 93' lang='lat' dir='ltr'>qui</span> <span class='ocrx_word' id='word_1_245' title='bbox 205 3327 402 3398; x_wconf 89' lang='lat' dir='ltr'>deseruerant,</span> <span class='ocrx_word' id='word_1_246' title='bbox 427 3325 557 3382; x_wconf 83' lang='lat' dir='ltr'>exercitu</span> <span class='ocrx_word' id='word_1_247' title='bbox 584 3323 753 3398; x_wconf 80' lang='lat' dir='ltr'>suffragium</span> <span class='ocrx_word' id='word_1_248' title='bbox 788 3325 910 3397; x_wconf 87' lang='lat' dir='ltr'>ferente,</span> <span class='ocrx_word' id='word_1_249' title='bbox 936 3324 1040 3400; x_wconf 91' lang='lat' dir='ltr'>capitis</span> 
     </span>
     <span class='ocr_line' id='line_1_33' title="bbox 129 3417 1041 3494; baseline -0.004 -14"><span class='ocrx_word' id='word_1_250' title='bbox 129 3423 263 3480; x_wconf 87' lang='lat' dir='ltr'>absentes</span> <span class='ocrx_word' id='word_1_251' title='bbox 277 3422 462 3486; x_wconf 88' lang='lat' dir='ltr'>damnantur.</span> <span class='ocrx_word' id='word_1_252' title='bbox 503 3417 539 3475; x_wconf 93' lang='lat' dir='ltr'>In</span> <span class='ocrx_word' id='word_1_253' title='bbox 554 3418 600 3475; x_wconf 90' lang='lat' dir='ltr'>his</span> <span class='ocrx_word' id='word_1_254' title='bbox 621 3418 778 3475; x_wconf 87' lang='lat' dir='ltr'>Eumenes.</span> <span class='ocrx_word' id='word_1_255' title='bbox 820 3418 888 3477; x_wconf 73' lang='lat' dir='ltr'>Halo</span> <span class='ocrx_word' id='word_1_256' title='bbox 912 3419 960 3475; x_wconf 89' lang='lat' dir='ltr'>ille</span> <span class='ocrx_word' id='word_1_257' title='bbox 978 3438 1041 3494; x_wconf 93' lang='lat' dir='ltr'>per-</span> 
     </span>
     <span class='ocr_line' id='line_1_34' title="bbox 128 3510 1042 3594; baseline -0.009 -16"><span class='ocrx_word' id='word_1_258' title='bbox 128 3537 231 3579; x_wconf 87' lang='lat' dir='ltr'>cussus</span> <span class='ocrx_word' id='word_1_259' title='bbox 254 3515 341 3594; x_wconf 70' lang='lat' dir='ltr'>plagi</span> <span class='ocrx_word' id='word_1_260' title='bbox 361 3534 420 3573; x_wconf 90' lang='lat' dir='ltr'>non</span> <span class='ocrx_word' id='word_1_261' title='bbox 447 3513 612 3589; x_wconf 83' lang='lat' dir='ltr'>succubuit,</span> <span class='ocrx_word' id='word_1_262' title='bbox 635 3530 730 3586; x_wconf 90' lang='lat' dir='ltr'>neque</span> <span class='ocrx_word' id='word_1_263' title='bbox 751 3510 787 3570; x_wconf 83' lang='lat' dir='ltr'>ed</span> <span class='ocrx_word' id='word_1_264' title='bbox 812 3513 909 3572; x_wconf 80' lang='lat' dir='ltr'>seciirs</span> <span class='ocrx_word' id='word_1_265' title='bbox 933 3513 1042 3572; x_wconf 90' lang='lat' dir='ltr'>bellum</span> 
     </span>
    </p>
   </div>
   <div class='ocr_carea' id='block_1_3' title="bbox 0 0 1200 4132">
    <p class='ocr_par' dir='ltr' id='par_1_5' title="bbox 0 0 1200 4132">
     <span class='ocr_line' id='line_1_35' title="bbox 0 0 1200 4132; baseline 0 0"><span class='ocrx_word' id='word_1_266' title='bbox 0 0 1200 4132; x_wconf 95' lang='lat' dir='ltr'> </span> 
     </span>
    </p>
   </div>
  </div>
 </body>
</html>
