2392 4132
359 1004 383 1063 1.
436 1003 765 1066 inmunes,
852 955 855 961 ·

475 1308 705 1323 m

150 1561 174 1618 1.
216 1559 376 1631 Miltiades,
390 1556 617 1634 Oimmisfilius,
630 1557 822 1615 Atheniensis.
862 1559 964 1619 Quum
980 1570 1010 1620 st

111 1655 279 1730 antiquitate
294 1653 419 1730 generis,
431 1663 460 1711 et
473 1652 565 1729 glorid
578 1651 729 1728 majerum,
743 1663 773 1711 et
791 1653 844 1710 sut
857 1654 1008 1727 modestis,

112 1771 187 1809 unus
212 1749 341 1808 omnium
368 1746 493 1805 menime
529 1747 652 1821 floreret,
684 1747 776 1824 oeque
807 1759 883 1807 esset
915 1760 1008 1822 stete,

112 1858 142 1904 ut
161 1847 220 1922 jem
244 1864 302 1903 non
330 1842 422 1902 soldm
448 1845 486 1902 de
511 1862 547 1902 eo
573 1844 648 1902 bene
685 1861 809 1921 sperare,
844 1844 895 1902 sed
922 1845 1009 1903 etiem

111 1941 255 2000 confidere
267 1941 345 1997 eines
357 1950 474 2015 possent
487 1938 542 2012 sui,
556 1939 642 1998 telem
654 1940 791 2012 futurum,
809 1941 923 2014 qualem
943 1942 1049 2018 θος-5
1083 1960 1086 1965 ⁴

111 2038 203 2095 nitum
214 2035 383 2112 judiedrunt
391 2055 399 2104 ;
422 2035 537 2107 eccidit,
549 2045 581 2092 ut
590 2034 786 2093 Athenienses
796 2035 1009 2094 Chersonesum

110 2133 227 2191 eolonos
238 2131 344 2188 vellent
362 2129 484 2189 mittere.
526 2129 618 2206 Cujus
641 2129 756 2206 generis
776 2149 864 2206 quum
887 2138 1010 2208 magnus

110 2245 247 2284 numerus
260 2233 347 2298 esset,
360 2235 391 2283 et
403 2224 485 2283 multi
499 2225 562 2301 ejus
570 2224 787 2302 demigrationis
797 2226 928 2302 peterent
939 2226 1012 2285 soei-

110 2332 216 2379 etatem
228 2340 235 2389 ;
256 2338 293 2376 ex
306 2318 352 2376 his
365 2317 470 2379 delecti
486 2317 614 2395 Delphos
627 2319 816 2379 deliberatum
838 2320 918 2379 missi
933 2338 1008 2395 sunt,

109 2415 160 2490 qui
174 2415 358 2472 consulerent
372 2413 548 2489 Apollinem,
570 2433 627 2490 quo
647 2412 828 2490 potissimirm
852 2417 928 2474 duee
949 2428 1010 2474 ute·
1033 2419 1069 2477 10

111 2520 217 2567 rentur.
259 2506 393 2583 Namque
406 2513 468 2565 turn
481 2507 615 2566 Thraces
634 2527 684 2567 ens
705 2510 838 2586 regiones
861 2512 1009 2583 tenebunt,

110 2622 177 2660 eum
191 2602 296 2678 quibus
308 2602 395 2660 armis
406 2614 468 2662 eret
477 2603 685 2662 dimicandum.
727 2605 784 2663 Hls
792 2606 1010 2664 consulentibus

111 2697 280 2756 nominatim
294 2697 398 2773 Pythie
410 2698 557 2775 praeeepit,
572 2710 604 2757 ut
617 2698 780 2758 Miltiadem
791 2701 846 2759 sibi
861 2701 1010 2778 imperato·

110 2812 171 2850 rem
185 2804 347 2862 sumerent;
369 2792 398 2849 id
412 2793 437 2849 si
451 2792 597 2866 fecissent,
612 2794 728 2870 incepta
749 2813 884 2871 prospera
905 2796 1008 2853 future.

110 2889 177 2946 Hoe
190 2887 300 2947 oraculi
313 2906 450 2962 responso
460 2886 609 2957 Miltiades
619 2907 686 2945 eum
695 2888 809 2946 delecti
819 2908 908 2946 manu
917 2888 1009 2948 classe
1032 2893 1068 2950 15

109 2984 324 3046 Chersonesum
338 2983 492 3059 profectus,
506 2992 595 3057 quum
616 2982 786 3041 secessisset
807 2983 961 3058 Lemnum,
980 2995 1010 3045 et
1085 2995 1088 3000 '

109 3079 219 3137 ineoles
233 3078 295 3153 ejus
309 3077 410 3134 insule
424 3077 478 3134 sub
491 3088 660 3153 potestatem
675 3078 806 3154 redigere
820 3080 905 3138 vellet
919 3080 1010 3139 Athe·

109 3173 264 3245 niensium,
276 3173 363 3247 idque
372 3171 488 3228 Lemnii
496 3171 549 3230 sni
559 3183 659 3249 sponte
671 3173 808 3247 fecerent,
817 3174 1009 3251 postulhsset3

109 3268 150 3326 illi
165 3267 317 3326 irridentes
330 3267 548 3342 responderunt,
573 3279 634 3326 tum
656 3267 685 3324 id
707 3288 738 3326 se
763 3269 898 3342 lecturos,
920 3288 1008 3345 quum

109 3363 157 3421 ille
170 3362 256 3420 domo
276 3361 398 3419 neribus
417 3361 604 3436 proficiscens
624 3373 709 3420 vento
731 3363 864 3438 aquilone
885 3363 1010 3422 venisset
1029 3365 1069 3420 20

111 3455 261 3516 Lemnum.
303 3455 363 3513 Hie
376 3454 454 3513 enim
474 3467 619 3530 rentum
640 3456 882 3532 septentrionibus
902 3459 1009 3530 oriens,
