2392 4132
114 344 155 402 74
527 350 740 402 AGESILAUS.

176 513 288 569 summi
303 510 358 568 lide
372 509 478 568 mansit
492 510 656 586 Agesilahs.
698 511 808 570 Contra
820 529 857 568 ea
871 510 1084 587 Tissaphernes

176 607 248 665 nihil
263 607 351 678 aliud,
365 604 452 681 qudm
466 606 585 680 bellum,
598 607 781 684 comparavit.
823 606 858 663 Id
872 607 927 665 etsi
941 608 1085 666 sentiebat

176 702 266 774 Laco,
285 712 382 758 minen
401 701 603 777 jusjurandum
624 702 767 774 servabat,
777 699 951 776 multiloque
965 702 996 757 in
1008 720 1038 758 eo
1055 721 1084 758 se

177 796 309 871 consequi
324 795 460 868 dicebat,
489 794 568 872 quid
598 796 803 872 Tissaphernes
824 795 954 872 perjurio
980 816 1030 853 suo
1057 805 1085 853 et

136 893 158 950 ὃ
177 892 299 949 homiues
313 891 373 947 suis
383 890 465 948 rebus
479 891 669 964 abalienaret,
683 899 710 948 ct
722 891 787 949 deos
801 891 857 948 eibi
876 893 968 948 iratos
988 892 1085 949 redde·

178 995 240 1050 retr
260 1006 289 1044 se
302 995 396 1043 metent
409 986 576 1044 conservarsi
592 987 730 1061 religione
744 986 911 1062 constristare
924 989 1084 1059 coercitum,

177 1101 262 1157 quam
275 1081 511 1138 animaduerteret
524 1081 636 1139 morum
657 1101 756 1139 numere
767 1081 873 1158 facere
886 1102 986 1156 secum,
1001 1083 1086 1140 homi·

177 1196 280 1252 aesque
293 1175 350 1232 sibi
371 1176 521 1233 conciliari
534 1176 691 1249 amiciores,
706 1173 785 1253 padul
796 1177 840 1233 lis
855 1177 966 1233 studere
985 1196 1083 1233 conso·

178 1271 280 1344 e'sseat,
294 1290 363 1347 quos
378 1289 543 1328 conseruare
553 1269 645 1346 fidem
658 1269 794 1329 uideram.

122 1367 160 1424 10
219 1364 276 1424 III.
317 1366 471 1440 Postquam
492 1364 675 1422 induciarum
694 1365 830 1440 preteriit
850 1365 923 1437 dies,
942 1365 1087 1424 Barbarus
1138 1423 1140 1427 .

179 1481 237 1520 non
265 1461 410 1532 dubitans,
430 1458 508 1536 quod
529 1460 618 1536 ipsius
637 1471 721 1519 erant
745 1461 869 1537 plurima
889 1460 1034 1519 domicilia
1056 1462 1087 1519 in

179 1557 278 1630 Caria,
305 1569 335 1614 et
363 1575 400 1613 ea
426 1550 507 1632 iegio
534 1555 580 1615 his
607 1556 783 1632 temporibus
810 1555 901 1615 multo
931 1557 1087 1632 putabatur

178 1645 415 1728 locupletissima,
429 1650 464 1708 ed
478 1648 660 1728 potissimum
674 1652 771 1708 hostes
790 1650 928 1726 impetum
950 1652 1087 1725 facturos,

178 1766 279 1805 omues
306 1766 373 1805 suas
398 1747 498 1822 copias
517 1744 554 1804 ed
573 1757 765 1805 contraxerat.
819 1747 861 1804 At
880 1746 1036 1822 Agesilaus
1057 1747 1087 1804 in

122 1843 160 1900 15
179 1841 334 1917 Phrygiam
358 1859 389 1898 se
410 1841 561 1913 conuertit,
581 1858 702 1915 eamque
721 1837 802 1916 pride
825 1841 1013 1916 depopulatus
1033 1852 1087 1913 est,

179 1936 266 2011 quam
279 1935 492 2011 Tissaphernes
506 1952 627 2010 usquam
640 1954 672 1993 se
688 1948 823 1993 moveret.
865 1935 976 2013 Magni
990 1936 1088 2011 praeda

179 2030 318 2087 militibus
344 2028 535 2104 locupletatis,
563 2028 710 2105 Ephesum
739 2029 896 2088 hiematum
928 2031 1088 2088 exercitum

181 2125 311 2196 reduxit;
333 2137 417 2200 atque
438 2124 478 2182 ibi
498 2125 622 2183 officinis
643 2145 785 2184 armorum
810 2126 959 2199 institutis,
980 2127 1088 2202 magnit

181 2219 322 2278 industrii
348 2220 454 2277 bellum
484 2220 638 2296 apparavit.
679 2220 719 2278 Et
743 2219 800 2297 qud
821 2220 977 2280 studiosius
998 2241 1089 2279 arma·

119 2314 161 2373 2⁰
181 2326 280 2372 rentur
288 2311 486 2389 insigniusque
497 2326 677 2387 ornarentur,
689 2316 807 2390 praemia
819 2316 976 2393 proposuit,
984 2317 1090 2392 quibus

180 2409 366 2480 donarentur,
381 2426 502 2483 quorum
520 2409 638 2484 egregia
658 2409 688 2466 in
709 2410 745 2467 ed
765 2429 796 2469 re
816 2411 918 2469 fuisset
938 2411 1088 2469 industria.

182 2502 266 2561 Fecit
280 2502 357 2560 idem
369 2502 399 2560 in
413 2503 652 2562 exercitationum
672 2505 838 2580 generibus,
853 2516 894 2579 ut,
913 2506 963 2581 qui
975 2506 1091 2565 steteris

181 2596 389 2674 praestitissent,
400 2616 451 2656 eos
460 2599 574 2674 magnis
586 2599 899 2669 afficeretmuneribus.
935 2600 991 2658 His
1002 2600 1091 2677 igitur

181 2693 268 2750 rebus
293 2691 400 2764 effecit,
424 2703 456 2750 ut
482 2703 512 2751 et
537 2692 750 2751 ornatissimum
770 2705 800 2752 et
819 2695 1090 2754 exercitatissimum

121 2786 162 2845 25
182 2787 301 2845 haberet
320 2785 488 2846 exercitum.
542 2787 622 2847 Huic
647 2806 736 2863 quum
756 2800 869 2865 tempus
889 2802 967 2849 esset
986 2791 1092 2865 risum,

181 2881 280 2960 copias
306 2884 457 2940 extrahere
483 2900 520 2941 ex
543 2882 749 2956 hibernaculis,
773 2884 854 2957 vidit,
875 2885 910 2958 si,
930 2883 988 2959 qud
1014 2897 1093 2944 esset

182 2977 236 3036 iter
248 2978 386 3050 facturus,
399 2974 495 3054 paldm
507 2977 731 3054 pronuntidsset,
740 2980 837 3037 hostes
851 2997 909 3036 non
920 2979 1092 3052 credituros,

183 3074 309 3148 aliasque
324 3073 457 3149 regiones
469 3073 611 3149 presidiis
622 3085 823 3149 occupaturos,
836 3092 891 3131 nec
900 3073 1092 3147 dubitaturos,

184 3168 261 3225 aliud
282 3187 346 3225 esse
366 3169 519 3241 facturum,
541 3186 576 3225 ao
595 3167 818 3245 pronuntibsset.
880 3155 982 3243 Itaque
1002 3188 1092 3244 quam

124 3262 164 3320 80
184 3261 232 3320 ille
259 3263 367 3320 Sardes
393 3263 499 3323 iturum
526 3282 557 3321 se
584 3263 713 3334 dixisset,
733 3262 947 3338 Tissaphernes
967 3266 1091 3322 eandem

185 3357 303 3414 Cariam
317 3358 530 3416 defendendam
543 3349 661 3435 putavit.
703 3357 738 3414 In
750 3376 903 3432 quoquam
914 3378 982 3416 eum
992 3359 1094 3436 opinio

185 3452 342 3524 fefellisset,
370 3453 532 3529 victumque
560 3473 591 3511 se
619 3452 737 3511 vidisset
762 3451 904 3522 oonsili03
939 3452 1004 3511 serd
1032 3455 1094 3513 suis

184 3545 318 3623 prasidio
336 3548 482 3622 proseetus
501 3559 552 3605 est.
602 3546 678 3604 Nam
699 3566 786 3623 quum
808 3545 856 3604 illd
878 3547 1013 3620 venisset,
1032 3548 1094 3625 jam
