2392 4132
495 322 689 373 HANNIBAL.
1052 316 1109 376 1⁰3

135 477 306 536 etiamnunc
320 497 387 535 cum
402 478 521 554 imperio
535 482 611 556 apud
625 481 785 538 exercitum
804 483 955 555 haberent,
970 481 1050 539 item-

136 592 193 648 que
208 574 323 630 fratrem
338 572 400 648 ejus
414 573 590 649 Magonem!
633 576 699 634 Hoc
719 596 857 653 responso
877 576 1051 653 Carthagin-

137 667 234 724 ienses
247 667 365 743 cognito
378 668 577 727 Hannibalem
597 672 715 729 domum
736 671 952 748 Magonemque
972 690 1051 729 revo-

136 763 248 821 strunt.
292 763 361 820 Huc
375 775 407 821 ut
419 765 515 836 rediit,
530 778 633 841 prator
647 768 741 825 factus
761 779 815 840 est,
829 779 979 843 postquam
1000 786 1051 825 rex

137 859 231 916 fuerat
256 877 335 915 anno
361 859 492 918 secundo
518 871 547 918 et
570 861 716 919 vicesimo.
774 862 813 921 Ut
839 861 917 919 enim
946 862 1090 920 Romaeb

137 954 291 1026 Consules,
316 953 359 1011 sic
386 942 566 1029 Carthagms
592 955 746 1030 quotannis
775 956 863 1012 annui
884 955 947 1013 bini
967 975 1051 1032 reges

137 1049 319 1107 creabantur.
359 1048 397 1105 In
410 1067 446 1106 eo
459 1049 628 1124 magistratu
642 1050 704 1125 pari
717 1051 870 1127 diligentia
885 1070 916 1109 se
938 1050 1051 1108 Hauni-

138 1144 184 1201 hal
203 1144 335 1220 praebuit,
358 1162 393 1200 ac
414 1143 507 1201 iuerat
527 1143 557 1199 in
585 1144 669 1202 bello.
723 1145 858 1221 Namque
885 1145 992 1218 effecit,
1013 1163 1051 1202 ex

136 1238 218 1296 novis
244 1236 435 1313 vectigalibus
461 1256 519 1295 non
547 1237 640 1296 solhm
668 1249 700 1297 ut
726 1251 803 1297 esset
826 1240 961 1315 pecunia,
985 1258 1049 1315 quae

137 1331 282 1391 Romanis
301 1351 338 1390 ex
357 1333 466 1390 foederc
486 1333 670 1409 penderetur,
692 1335 743 1391 sed
763 1335 851 1393 etiam
876 1345 1049 1412 superesset,
1071 1336 1109 1395 10

135 1446 201 1503 quae
214 1426 245 1485 in
261 1426 361 1485 erario
380 1440 576 1503 reponeretur.
618 1428 744 1502 Deinde,
766 1449 843 1488 anno
863 1442 927 1506 post
946 1442 1050 1506 pretu-

135 1542 209 1595 ram,
223 1522 326 1580 Marco
343 1521 479 1595 Claudio,
494 1522 587 1580 Lucio
608 1522 697 1582 Furio
718 1524 905 1591 Consulibus,
921 1524 1049 1583 Romani

134 1617 224 1693 legati
238 1617 446 1692 Carthaginem
460 1629 609 1674 venerunt.
653 1617 717 1675 Hos
731 1618 880 1697 Hannibal
893 1618 939 1675 sui
950 1638 1050 1695 expos·

135 1712 223 1770 cendi
244 1712 338 1788 gratia
358 1712 461 1771 missos
474 1723 563 1784 ratus,
578 1712 744 1787 priusquam
765 1711 810 1770 his
830 1723 949 1771 senatus
969 1713 1050 1770 dare·

136 1816 192 1879 tur,
206 1826 309 1864 navem
323 1806 496 1865 conscendit
509 1808 595 1881 clam,
611 1818 695 1882 atque
710 1808 739 1865 in
756 1806 870 1882 Syriam
891 1807 926 1865 ad
946 1807 1050 1865 Antio·
1071 1809 1109 1866 16

134 1903 224 1959 chum
236 1901 370 1978 profugit.
419 1901 487 1959 Hac
500 1922 531 1959 re
544 1901 642 1979 palam
657 1903 743 1975 lacte,
758 1902 842 1960 Poeni
856 1922 943 1960 naves
966 1903 1048 1976 duas,

134 2016 198 2072 quaa
224 2016 292 2055 eum
312 1997 592 2072 comprehenderent
611 1999 636 2057 si
656 2010 776 2074 possent
796 1999 944 2073 consequi,
966 1999 1050 2057 mise-

134 2104 221 2162 rnnt;
248 2093 326 2150 bona
351 2093 414 2167 ejus
440 2093 645 2169 publicarunt;
673 2093 791 2152 domum
813 2112 830 2151 a
853 2093 1049 2152 fundamentis

134 2187 312 2263 disjecerunt
325 2207 332 2257 3
355 2186 448 2263 ipsum
462 2189 577 2245 exulem
589 2188 765 2264 judicarunt.

173 2281 261 2341 VIII.
302 2283 345 2340 At
359 2283 509 2340 Hannibal
524 2301 600 2340 anno
614 2283 708 2356 tertio,
723 2294 872 2359 postquam
887 2282 972 2342 domo
985 2303 1049 2359 pro·
1067 2284 1108 2343 20

134 2379 257 2454 fugerat,
285 2377 379 2435 Lucio
402 2371 550 2451 Cornelio,
570 2378 685 2441 Quinto
706 2378 839 2438 Minucio
861 2379 1057 2452 Consulibus,'

133 2492 201 2532 cum
215 2472 341 2548 quinque
355 2473 478 2531 navibus
492 2474 624 2530 Africam
644 2475 768 2533 accessit
788 2474 818 2531 in
840 2475 947 2532 finibus
961 2475 1050 2550 Cyre·

133 2586 273 2641 uteorum,
293 2567 319 2626 si
340 2567 413 2627 forte
435 2567 694 2644 Carthaginienses
716 2570 752 2626 ad
774 2568 892 2642 bellum,
907 2570 1048 2628 Antiochi

133 2683 185 2739 spe
198 2663 372 2739 fiduciaque,
387 2664 526 2733 inducere
541 2675 654 2739 posset:
677 2663 724 2720 cui
736 2664 797 2739 jam
810 2676 1002 2740 persuaserat,
1018 2675 1049 2721 ut

132 2776 201 2817 curn
214 2757 391 2817 exercitibus
405 2758 435 2815 in
449 2759 565 2817 Italiam
580 2758 819 2834 proficisceretur.
862 2759 931 2816 Huc
947 2758 1048 2834 Mago·
1066 2758 1107 2815 25

132 2873 201 2913 nem
216 2855 332 2915 fratrem
345 2854 461 2912 excivit.
503 2853 539 2911 Id
561 2854 611 2911 ubi
632 2855 716 2911 Poeui
736 2855 925 2926 resciverunt,
947 2852 1049 2929 Mago-

131 2967 200 3006 nem
220 2949 335 3020 stdem,
361 2948 419 3023 qud
446 2949 573 3020 fratrem,
596 2948 745 3006 absentem
768 2948 857 3023 poend
878 2948 1045 3005 affecerunt.

132 3042 182 3101 Illi
194 3042 353 3118 desperatis
366 3043 453 3100 rebus
466 3060 555 3116 quum
569 3041 721 3099 solvissent
734 3060 833 3114 naves,
849 3059 883 3098 ac
897 3041 960 3098 vela
977 3060 1045 3099 ven·

130 3139 169 3198 tis
189 3137 347 3210 dedissent,
372 3137 522 3195 Hannibal
551 3138 587 3194 ad
614 3137 793 3196 Antiochum
820 3136 958 3212 pervenit.
1000 3136 1046 3195 De

132 3233 270 3310 Magonis
283 3233 401 3291 interitu
415 3234 522 3309 duplex
536 3233 675 3291 memoria
687 3233 801 3309 prodita
814 3244 866 3290 est.
909 3232 1044 3309 Namque
1063 3234 1105 3292 30

132 3328 181 3386 alii
215 3327 377 3403 naufragio,
400 3327 449 3384 alii
477 3326 603 3384 aservis
630 3328 720 3403 ipsius
750 3327 934 3386 interfectum
968 3348 1046 3401 eum,

131 3424 272 3501 scripturn
299 3423 483 3498 reliquerunt.
538 3423 703 3481 Antiochus
730 3434 826 3480 autem
860 3425 885 3481 si
919 3434 977 3481 tam
1012 3410 1042 3482 iri

130 3520 246 3597 agendo
272 3518 348 3578 bello
373 3537 475 3595 parere
501 3517 638 3577 voluisset
658 3517 787 3577 consiliis
807 3517 880 3594 ejus,
901 3518 989 3594 quim
1014 3519 1045 3575 in
