<?xml version="1.0" encoding="UTF-8"?>
<!DOCTYPE html PUBLIC "-//W3C//DTD XHTML 1.0 Transitional//EN"
    "http://www.w3.org/TR/xhtml1/DTD/xhtml1-transitional.dtd">
<html xmlns="http://www.w3.org/1999/xhtml" xml:lang="en" lang="en">
 <head>
  <title>
</title>
<meta http-equiv="Content-Type" content="text/html;charset=utf-8" />
  <meta name='ocr-system' content='tesseract 3.04.00' />
  <meta name='ocr-capabilities' content='ocr_page ocr_carea ocr_par ocr_line ocrx_word'/>
</head>
<body>
  <div class='ocr_page' id='page_1' title='image "./devitaexcellent00nepogoog_0020.png"; bbox 0 0 2392 4132; ppageno 0'>
   <div class='ocr_carea' id='block_1_1' title="bbox 399 276 1165 334">
    <p class='ocr_par' dir='ltr' id='par_1_1' title="bbox 399 276 1165 334">
     <span class='ocr_line' id='line_1_1' title="bbox 399 276 1165 334; baseline 0.013 -9"><span class='ocrx_word' id='word_1_1' title='bbox 399 276 684 329; x_wconf 74' lang='lat' dir='ltr'><strong>uuuffls‘rocuus.</strong></span> <span class='ocrx_word' id='word_1_2' title='bbox 1058 277 1080 334; x_wconf 74' lang='lat'><strong>⁹</strong></span> <span class='ocrx_word' id='word_1_3' title='bbox 1160 286 1165 296; x_wconf 89' lang='lat'>&#39;</span> 
     </span>
    </p>
   </div>
   <div class='ocr_carea' id='block_1_2' title="bbox 113 435 1061 876">
    <p class='ocr_par' dir='ltr' id='par_1_2' title="bbox 113 435 1061 876">
     <span class='ocr_line' id='line_1_2' title="bbox 114 435 1020 509; baseline 0.003 -15"><span class='ocrx_word' id='word_1_4' title='bbox 114 435 244 506; x_wconf 85' lang='lat' dir='ltr'><strong>comitas,</strong></span> <span class='ocrx_word' id='word_1_5' title='bbox 260 446 291 493; x_wconf 91' lang='lat' dir='ltr'><strong>ut</strong></span> <span class='ocrx_word' id='word_1_6' title='bbox 303 453 390 494; x_wconf 90' lang='lat' dir='ltr'><strong>nemo</strong></span> <span class='ocrx_word' id='word_1_7' title='bbox 409 447 468 494; x_wconf 87' lang='lat' dir='ltr'><strong>tam</strong></span> <span class='ocrx_word' id='word_1_8' title='bbox 493 437 609 494; x_wconf 91' lang='lat' dir='ltr'><strong>humilis</strong></span> <span class='ocrx_word' id='word_1_9' title='bbox 629 448 716 509; x_wconf 82' lang='lat' dir='ltr'><strong>esset,</strong></span> <span class='ocrx_word' id='word_1_10' title='bbox 738 435 788 495; x_wconf 92' lang='lat' dir='ltr'><strong>cui</strong></span> <span class='ocrx_word' id='word_1_11' title='bbox 811 455 870 495; x_wconf 89' lang='lat' dir='ltr'><strong>non</strong></span> <span class='ocrx_word' id='word_1_12' title='bbox 892 438 929 496; x_wconf 87' lang='lat' dir='ltr'><strong>ad</strong></span> <span class='ocrx_word' id='word_1_13' title='bbox 953 457 1020 497; x_wconf 89' lang='lat' dir='ltr'><strong>eum</strong></span> 
     </span>
     <span class='ocr_line' id='line_1_3' title="bbox 114 524 1019 607; baseline 0.004 -20"><span class='ocrx_word' id='word_1_14' title='bbox 114 530 209 588; x_wconf 83' lang='lat' dir='ltr'><strong>aditus</strong></span> <span class='ocrx_word' id='word_1_15' title='bbox 219 542 348 605; x_wconf 87' lang='lat' dir='ltr'><strong>pateret;</strong></span> <span class='ocrx_word' id='word_1_16' title='bbox 369 550 475 606; x_wconf 84' lang='lat' dir='ltr'><strong>magna</strong></span> <span class='ocrx_word' id='word_1_17' title='bbox 489 524 644 589; x_wconf 85' lang='lat' dir='ltr'><strong>auctoritas</strong></span> <span class='ocrx_word' id='word_1_18' title='bbox 663 532 739 607; x_wconf 84' lang='lat' dir='ltr'><strong>cpud</strong></span> <span class='ocrx_word' id='word_1_19' title='bbox 759 550 861 590; x_wconf 90' lang='lat' dir='ltr'><strong>omnes</strong></span> <span class='ocrx_word' id='word_1_20' title='bbox 878 532 1019 605; x_wconf 83' lang='lat' dir='ltr'><strong>civitates,</strong></span> 
     </span>
     <span class='ocr_line' id='line_1_4' title="bbox 113 624 1021 703; baseline 0.004 -22"><span class='ocrx_word' id='word_1_21' title='bbox 113 625 209 683; x_wconf 88' lang='lat' dir='ltr'>nobile</span> <span class='ocrx_word' id='word_1_22' title='bbox 223 645 340 697; x_wconf 90' lang='lat' dir='ltr'><strong>nomen,</strong></span> <span class='ocrx_word' id='word_1_23' title='bbox 354 627 418 683; x_wconf 87' lang='lat' dir='ltr'><strong>laus</strong></span> <span class='ocrx_word' id='word_1_24' title='bbox 431 626 474 683; x_wconf 93' lang='lat' dir='ltr'><strong>rei</strong></span> <span class='ocrx_word' id='word_1_25' title='bbox 486 624 619 683; x_wconf 86' lang='lat' dir='ltr'><strong>militaris</strong></span> <span class='ocrx_word' id='word_1_26' title='bbox 630 626 765 683; x_wconf 83' lang='lat' dir='ltr'><strong>maxima.</strong></span> <span class='ocrx_word' id='word_1_27' title='bbox 807 626 882 684; x_wconf 79' lang='lat' dir='ltr'><strong>Haec</strong></span> <span class='ocrx_word' id='word_1_28' title='bbox 898 629 1021 703; x_wconf 87' lang='lat' dir='ltr'><strong>populus</strong></span> 
     </span>
     <span class='ocr_line' id='line_1_5' title="bbox 113 717 1020 796; baseline 0.004 -20"><span class='ocrx_word' id='word_1_29' title='bbox 113 720 272 794; x_wconf 83' lang='lat' dir='ltr'><strong>respiciens</strong></span> <span class='ocrx_word' id='word_1_30' title='bbox 284 720 387 779; x_wconf 87' lang='lat' dir='ltr'><strong>maluit</strong></span> <span class='ocrx_word' id='word_1_31' title='bbox 396 739 464 778; x_wconf 90' lang='lat' dir='ltr'><strong>eum</strong></span> <span class='ocrx_word' id='word_1_32' title='bbox 477 720 628 778; x_wconf 86' lang='lat' dir='ltr'><strong>innoxium</strong></span> <span class='ocrx_word' id='word_1_33' title='bbox 641 721 740 796; x_wconf 85' lang='lat' dir='ltr'><strong>plecti,</strong></span> <span class='ocrx_word' id='word_1_34' title='bbox 754 717 840 796; x_wconf 67' lang='lat' dir='ltr'><strong>quim</strong></span> <span class='ocrx_word' id='word_1_35' title='bbox 861 740 893 779; x_wconf 88' lang='lat' dir='ltr'><strong>se</strong></span> <span class='ocrx_word' id='word_1_36' title='bbox 911 719 1020 780; x_wconf 79' lang='lat' dir='ltr'><strong>diutius</strong></span> 
     </span>
     <span class='ocr_line' id='line_1_6' title="bbox 113 815 1061 876; baseline 0.004 -4"><span class='ocrx_word' id='word_1_37' title='bbox 113 834 177 873; x_wconf 84' lang='lat' dir='ltr'><strong>esse</strong></span> <span class='ocrx_word' id='word_1_38' title='bbox 192 815 222 872; x_wconf 91' lang='lat' dir='ltr'><strong>in</strong></span> <span class='ocrx_word' id='word_1_39' title='bbox 236 816 348 874; x_wconf 89' lang='lat' dir='ltr'><strong>timore.</strong></span> <span class='ocrx_word' id='word_1_40' title='bbox 1039 817 1061 876; x_wconf 73' lang='lat' dir='ltr'><strong>b</strong></span> 
     </span>
    </p>
   </div>
   <div class='ocr_carea' id='block_1_3' title="bbox 451 997 658 1011">
    <p class='ocr_par' dir='ltr' id='par_1_3' title="bbox 451 997 658 1011">
     <span class='ocr_line' id='line_1_7' title="bbox 451 997 658 1011; baseline 0 -3"><span class='ocrx_word' id='word_1_41' title='bbox 451 997 658 1011; x_wconf 56' lang='grc'><strong>*-</strong></span> 
     </span>
    </p>
   </div>
   <div class='ocr_carea' id='block_1_4' title="bbox 289 1195 839 1255">
    <p class='ocr_par' dir='ltr' id='par_1_4' title="bbox 289 1195 839 1255">
     <span class='ocr_line' id='line_1_8' title="bbox 289 1195 839 1255; baseline -0.005 -1"><span class='ocrx_word' id='word_1_42' title='bbox 289 1196 340 1255; x_wconf 94' lang='lat' dir='ltr'><strong>II.</strong></span> <span class='ocrx_word' id='word_1_43' title='bbox 383 1195 839 1255; x_wconf 83' lang='lat' dir='ltr'>THEMISTOCLES.</span> 
     </span>
    </p>
   </div>
   <div class='ocr_carea' id='block_1_5' title="bbox 25 1376 1078 2033">
    <p class='ocr_par' dir='ltr' id='par_1_5' title="bbox 25 1376 1078 2033">
     <span class='ocr_line' id='line_1_9' title="bbox 152 1376 1018 1468; baseline 0.003 -20"><span class='ocrx_word' id='word_1_44' title='bbox 152 1391 177 1448; x_wconf 93' lang='lat'><strong>1.</strong></span> <span class='ocrx_word' id='word_1_45' title='bbox 226 1391 433 1463; x_wconf 64' lang='lat' dir='ltr'><strong>memnones,</strong></span> <span class='ocrx_word' id='word_1_46' title='bbox 458 1389 561 1448; x_wconf 65' lang='lat' dir='ltr'><strong>nnec</strong></span> <span class='ocrx_word' id='word_1_47' title='bbox 573 1376 671 1467; x_wconf 65' lang='lat' dir='ltr'><strong>fieb,</strong></span> <span class='ocrx_word' id='word_1_48' title='bbox 685 1390 878 1449; x_wconf 60' lang='lat' dir='ltr'><strong>Aaronem.</strong></span> <span class='ocrx_word' id='word_1_49' title='bbox 920 1392 1018 1468; x_wconf 66' lang='lat' dir='ltr'><strong>unu·</strong></span> 
     </span>
     <span class='ocr_line' id='line_1_10' title="bbox 112 1485 1019 1561; baseline 0.006 -21"><span class='ocrx_word' id='word_1_50' title='bbox 112 1486 182 1543; x_wconf 85' lang='lat' dir='ltr'><strong>vitia</strong></span> <span class='ocrx_word' id='word_1_51' title='bbox 195 1485 323 1543; x_wconf 86' lang='lat' dir='ltr'><strong>ineuntis</strong></span> <span class='ocrx_word' id='word_1_52' title='bbox 334 1485 535 1543; x_wconf 75' lang='lat' dir='ltr'><strong>adolescentie</strong></span> <span class='ocrx_word' id='word_1_53' title='bbox 546 1485 660 1561; x_wconf 84' lang='lat' dir='ltr'><strong>magnis</strong></span> <span class='ocrx_word' id='word_1_54' title='bbox 670 1496 738 1543; x_wconf 90' lang='lat' dir='ltr'><strong>sunt</strong></span> <span class='ocrx_word' id='word_1_55' title='bbox 746 1487 900 1544; x_wconf 83' lang='lat' dir='ltr'><strong>emendata</strong></span> <span class='ocrx_word' id='word_1_56' title='bbox 909 1487 1019 1545; x_wconf 87' lang='lat' dir='ltr'><strong>virtuti·</strong></span> 
     </span>
     <span class='ocr_line' id='line_1_11' title="bbox 113 1576 1017 1655; baseline 0.004 -20"><span class='ocrx_word' id='word_1_57' title='bbox 113 1579 176 1651; x_wconf 87' lang='lat' dir='ltr'><strong>bus,</strong></span> <span class='ocrx_word' id='word_1_58' title='bbox 191 1576 264 1638; x_wconf 81' lang='lat' dir='ltr'><strong>aded</strong></span> <span class='ocrx_word' id='word_1_59' title='bbox 273 1590 306 1637; x_wconf 90' lang='lat' dir='ltr'><strong>ut</strong></span> <span class='ocrx_word' id='word_1_60' title='bbox 316 1580 490 1637; x_wconf 79' lang='lat' dir='ltr'><strong>anteferatur</strong></span> <span class='ocrx_word' id='word_1_61' title='bbox 499 1579 567 1636; x_wconf 89' lang='lat' dir='ltr'><strong>huic</strong></span> <span class='ocrx_word' id='word_1_62' title='bbox 577 1599 674 1651; x_wconf 89' lang='lat' dir='ltr'><strong>nemo,</strong></span> <span class='ocrx_word' id='word_1_63' title='bbox 684 1580 771 1654; x_wconf 88' lang='lat' dir='ltr'><strong>pauci</strong></span> <span class='ocrx_word' id='word_1_64' title='bbox 779 1599 863 1655; x_wconf 86' lang='lat' dir='ltr'><strong>pares</strong></span> <span class='ocrx_word' id='word_1_65' title='bbox 872 1592 1017 1655; x_wconf 89' lang='lat' dir='ltr'><strong>putentur.</strong></span> 
     </span>
     <span class='ocr_line' id='line_1_12' title="bbox 113 1672 1019 1749; baseline 0.001 -19"><span class='ocrx_word' id='word_1_66' title='bbox 113 1673 172 1730; x_wconf 82' lang='lat' dir='ltr'><strong>Sed</strong></span> <span class='ocrx_word' id='word_1_67' title='bbox 186 1674 223 1730; x_wconf 86' lang='lat' dir='ltr'><strong>ab</strong></span> <span class='ocrx_word' id='word_1_68' title='bbox 237 1673 320 1732; x_wconf 91' lang='lat' dir='ltr'><strong>initio</strong></span> <span class='ocrx_word' id='word_1_69' title='bbox 332 1680 377 1730; x_wconf 58' lang='lat' dir='ltr'><strong>nt</strong></span> <span class='ocrx_word' id='word_1_70' title='bbox 388 1673 695 1731; x_wconf 82' lang='lat' dir='ltr'><strong>ordiendum-Peter</strong></span> <span class='ocrx_word' id='word_1_71' title='bbox 708 1672 772 1747; x_wconf 87' lang='lat' dir='ltr'><strong>ejus</strong></span> <span class='ocrx_word' id='word_1_72' title='bbox 795 1672 921 1730; x_wconf 78' lang='lat' dir='ltr'>Neocles</span> <span class='ocrx_word' id='word_1_73' title='bbox 932 1693 1019 1749; x_wconf 87' lang='lat' dir='ltr'><strong>gene·</strong></span> 
     </span>
     <span class='ocr_line' id='line_1_13' title="bbox 112 1766 1078 1840; baseline 0.002 -14"><span class='ocrx_word' id='word_1_74' title='bbox 112 1788 193 1826; x_wconf 87' lang='lat' dir='ltr'><strong>rosus</strong></span> <span class='ocrx_word' id='word_1_75' title='bbox 207 1767 269 1825; x_wconf 85' lang='lat' dir='ltr'><strong>luit.</strong></span> <span class='ocrx_word' id='word_1_76' title='bbox 310 1767 341 1825; x_wconf 86' lang='lat' dir='ltr'><strong>Is</strong></span> <span class='ocrx_word' id='word_1_77' title='bbox 360 1786 486 1826; x_wconf 87' lang='lat' dir='ltr'><strong>uxorem</strong></span> <span class='ocrx_word' id='word_1_78' title='bbox 503 1767 721 1839; x_wconf 84' lang='lat' dir='ltr'><strong>Acharnsnam,</strong></span> <span class='ocrx_word' id='word_1_79' title='bbox 743 1766 846 1839; x_wconf 87' lang='lat' dir='ltr'><strong>civem,</strong></span> <span class='ocrx_word' id='word_1_80' title='bbox 871 1767 962 1840; x_wconf 85' lang='lat' dir='ltr'><strong>duxit,</strong></span> <span class='ocrx_word' id='word_1_81' title='bbox 982 1787 1018 1826; x_wconf 82' lang='lat' dir='ltr'><strong>ex</strong></span> <span class='ocrx_word' id='word_1_82' title='bbox 1040 1771 1078 1829; x_wconf 82' lang='lat'><strong>10</strong></span> 
     </span>
     <span class='ocr_line' id='line_1_14' title="bbox 112 1859 1018 1938; baseline 0.002 -19"><span class='ocrx_word' id='word_1_83' title='bbox 112 1862 169 1938; x_wconf 73' lang='lat' dir='ltr'><strong>qud</strong></span> <span class='ocrx_word' id='word_1_84' title='bbox 191 1873 278 1920; x_wconf 89' lang='lat' dir='ltr'><strong>natus</strong></span> <span class='ocrx_word' id='word_1_85' title='bbox 297 1874 349 1920; x_wconf 89' lang='lat' dir='ltr'><strong>est·</strong></span> <span class='ocrx_word' id='word_1_86' title='bbox 365 1861 587 1924; x_wconf 76' lang='lat' dir='ltr'><strong>Themistocles.</strong></span> <span class='ocrx_word' id='word_1_87' title='bbox 627 1861 691 1923; x_wconf 81' lang='lat' dir='ltr'><strong>Qui</strong></span> <span class='ocrx_word' id='word_1_88' title='bbox 711 1880 799 1936; x_wconf 90' lang='lat' dir='ltr'><strong>quum</strong></span> <span class='ocrx_word' id='word_1_89' title='bbox 823 1859 924 1919; x_wconf 81' lang='lat' dir='ltr'><strong>minirs</strong></span> <span class='ocrx_word' id='word_1_90' title='bbox 942 1875 1018 1922; x_wconf 86' lang='lat' dir='ltr'><strong>esset</strong></span> 
     </span>
     <span class='ocr_line' id='line_1_15' title="bbox 25 1953 1018 2033; baseline 0.001 -18"><span class='ocrx_word' id='word_1_91' title='bbox 25 1975 28 1979; x_wconf 90' lang='grc'><strong><em>·</em></strong></span> <span class='ocrx_word' id='word_1_92' title='bbox 111 1958 247 2033; x_wconf 87' lang='lat' dir='ltr'><strong>probatus</strong></span> <span class='ocrx_word' id='word_1_93' title='bbox 272 1956 449 2033; x_wconf 87' lang='lat' dir='ltr'><strong>parentibus,</strong></span> <span class='ocrx_word' id='word_1_94' title='bbox 474 1953 551 2032; x_wconf 78' lang='lat' dir='ltr'><strong>qudd</strong></span> <span class='ocrx_word' id='word_1_95' title='bbox 578 1968 608 2015; x_wconf 89' lang='lat' dir='ltr'><strong>et</strong></span> <span class='ocrx_word' id='word_1_96' title='bbox 629 1955 749 2014; x_wconf 81' lang='lat' dir='ltr'><strong>liberids</strong></span> <span class='ocrx_word' id='word_1_97' title='bbox 775 1956 892 2015; x_wconf 84' lang='lat' dir='ltr'><strong>virebat</strong></span> <span class='ocrx_word' id='word_1_98' title='bbox 900 1969 931 2017; x_wconf 84' lang='lat' dir='ltr'><strong>et</strong></span> <span class='ocrx_word' id='word_1_99' title='bbox 957 1977 1018 2016; x_wconf 90' lang='lat' dir='ltr'><strong>rem</strong></span> 
     </span>
    </p>
   </div>
   <div class='ocr_carea' id='block_1_6' title="bbox 111 2050 1076 2410">
    <p class='ocr_par' dir='ltr' id='par_1_6' title="bbox 111 2050 1076 2410">
     <span class='ocr_line' id='line_1_16' title="bbox 112 2050 1017 2127; baseline -0.001 -17"><span class='ocrx_word' id='word_1_100' title='bbox 112 2052 281 2110; x_wconf 81' lang='lat' dir='ltr'><strong>familiarem</strong></span> <span class='ocrx_word' id='word_1_101' title='bbox 301 2051 510 2127; x_wconf 85' lang='lat' dir='ltr'><strong>negligebat‚a</strong></span> <span class='ocrx_word' id='word_1_102' title='bbox 529 2062 610 2126; x_wconf 88' lang='lat' dir='ltr'><strong>patre</strong></span> <span class='ocrx_word' id='word_1_103' title='bbox 631 2050 829 2108; x_wconf 70' lang='lat' dir='ltr'><strong>exheredatus</strong></span> <span class='ocrx_word' id='word_1_104' title='bbox 847 2062 899 2109; x_wconf 89' lang='lat' dir='ltr'><strong>est.</strong></span> <span class='ocrx_word' id='word_1_105' title='bbox 939 2052 1017 2114; x_wconf 74' lang='lat' dir='ltr'><strong>Quae</strong></span> 
     </span>
     <span class='ocr_line' id='line_1_17' title="bbox 112 2143 1018 2222; baseline -0.002 -18"><span class='ocrx_word' id='word_1_106' title='bbox 112 2146 288 2204; x_wconf 85' lang='lat' dir='ltr'><strong>contumelia</strong></span> <span class='ocrx_word' id='word_1_107' title='bbox 299 2165 357 2203; x_wconf 90' lang='lat' dir='ltr'><strong>non</strong></span> <span class='ocrx_word' id='word_1_108' title='bbox 372 2145 458 2222; x_wconf 68' lang='lat' dir='ltr'><strong>{tegit</strong></span> <span class='ocrx_word' id='word_1_109' title='bbox 470 2164 536 2202; x_wconf 89' lang='lat' dir='ltr'><strong>eum</strong></span> <span class='ocrx_word' id='word_1_110' title='bbox 551 2146 603 2202; x_wconf 83' lang='lat' dir='ltr'><strong>sed</strong></span> <span class='ocrx_word' id='word_1_111' title='bbox 614 2145 713 2203; x_wconf 83' lang='lat' dir='ltr'><strong>erexit.</strong></span> <span class='ocrx_word' id='word_1_112' title='bbox 754 2143 784 2201; x_wconf 93' lang='lat' dir='ltr'><strong>N</strong></span> <span class='ocrx_word' id='word_1_113' title='bbox 787 2163 833 2201; x_wconf 86' lang='lat' dir='ltr'><strong>am</strong></span> <span class='ocrx_word' id='word_1_114' title='bbox 846 2163 934 2219; x_wconf 90' lang='lat' dir='ltr'><strong>quum</strong></span> <span class='ocrx_word' id='word_1_115' title='bbox 942 2146 1018 2221; x_wconf 91' lang='lat' dir='ltr'><strong>judi-</strong></span> 
     </span>
     <span class='ocr_line' id='line_1_18' title="bbox 112 2238 1076 2316; baseline 0.002 -18"><span class='ocrx_word' id='word_1_116' title='bbox 112 2241 217 2313; x_wconf 73' lang='lat' dir='ltr'><strong>cdsset,</strong></span> <span class='ocrx_word' id='word_1_117' title='bbox 231 2240 295 2297; x_wconf 89' lang='lat' dir='ltr'><strong>sine</strong></span> <span class='ocrx_word' id='word_1_118' title='bbox 308 2241 421 2297; x_wconf 70' lang='lat' dir='ltr'><strong>summi</strong></span> <span class='ocrx_word' id='word_1_119' title='bbox 441 2238 582 2297; x_wconf 74' lang='lat' dir='ltr'><strong>industrii</strong></span> <span class='ocrx_word' id='word_1_120' title='bbox 603 2259 661 2296; x_wconf 90' lang='lat' dir='ltr'><strong>non</strong></span> <span class='ocrx_word' id='word_1_121' title='bbox 681 2258 765 2316; x_wconf 88' lang='lat' dir='ltr'><strong>posse</strong></span> <span class='ocrx_word' id='word_1_122' title='bbox 787 2258 851 2296; x_wconf 89' lang='lat' dir='ltr'><strong>eam</strong></span> <span class='ocrx_word' id='word_1_123' title='bbox 874 2239 1015 2316; x_wconf 83' lang='lat' dir='ltr'><strong>extingui,</strong></span> <span class='ocrx_word' id='word_1_124' title='bbox 1038 2242 1076 2301; x_wconf 82' lang='lat'><strong>15</strong></span> 
     </span>
     <span class='ocr_line' id='line_1_19' title="bbox 111 2332 1017 2410; baseline -0.002 -16"><span class='ocrx_word' id='word_1_125' title='bbox 111 2345 203 2394; x_wconf 85' lang='lat' dir='ltr'><strong>totum</strong></span> <span class='ocrx_word' id='word_1_126' title='bbox 216 2354 247 2393; x_wconf 85' lang='lat' dir='ltr'><strong>se</strong></span> <span class='ocrx_word' id='word_1_127' title='bbox 261 2334 372 2391; x_wconf 87' lang='lat' dir='ltr'><strong>dedidit</strong></span> <span class='ocrx_word' id='word_1_128' title='bbox 385 2332 562 2410; x_wconf 87' lang='lat' dir='ltr'><strong>reipublicae,</strong></span> <span class='ocrx_word' id='word_1_129' title='bbox 576 2332 744 2410; x_wconf 75' lang='lat' dir='ltr'><strong>diligentins</strong></span> <span class='ocrx_word' id='word_1_130' title='bbox 759 2332 860 2391; x_wconf 83' lang='lat' dir='ltr'><strong>amicis</strong></span> <span class='ocrx_word' id='word_1_131' title='bbox 878 2334 1017 2410; x_wconf 71' lang='lat' dir='ltr'><strong>famaeque</strong></span> 
     </span>
    </p>
   </div>
   <div class='ocr_carea' id='block_1_7' title="bbox 10 2426 1016 2504">
    <p class='ocr_par' dir='ltr' id='par_1_7' title="bbox 10 2426 1016 2504">
     <span class='ocr_line' id='line_1_20' title="bbox 10 2426 1016 2504; baseline -0.001 -16"><span class='ocrx_word' id='word_1_132' title='bbox 10 2492 12 2496; x_wconf 51' lang='grc'><strong>,</strong></span> <span class='ocrx_word' id='word_1_133' title='bbox 112 2430 248 2489; x_wconf 85' lang='lat' dir='ltr'><strong>serviens.</strong></span> <span class='ocrx_word' id='word_1_134' title='bbox 290 2426 416 2487; x_wconf 77' lang='lat' dir='ltr'><strong>Multum</strong></span> <span class='ocrx_word' id='word_1_135' title='bbox 431 2428 460 2486; x_wconf 92' lang='lat' dir='ltr'><strong>in</strong></span> <span class='ocrx_word' id='word_1_136' title='bbox 473 2427 591 2503; x_wconf 90' lang='lat' dir='ltr'><strong>judiciis</strong></span> <span class='ocrx_word' id='word_1_137' title='bbox 601 2428 719 2504; x_wconf 88' lang='lat' dir='ltr'><strong>privatis</strong></span> <span class='ocrx_word' id='word_1_138' title='bbox 732 2428 918 2498; x_wconf 82' lang='lat' dir='ltr'><strong>versabatur3</strong></span> <span class='ocrx_word' id='word_1_139' title='bbox 940 2426 1016 2504; x_wconf 68' lang='lat' dir='ltr'><strong>saepe</strong></span> 
     </span>
    </p>
   </div>
   <div class='ocr_carea' id='block_1_8' title="bbox 109 2522 1077 3546">
    <p class='ocr_par' dir='ltr' id='par_1_8' title="bbox 110 2522 1077 3067">
     <span class='ocr_line' id='line_1_21' title="bbox 112 2522 1017 2599; baseline 0.001 -18"><span class='ocrx_word' id='word_1_140' title='bbox 112 2523 142 2581; x_wconf 93' lang='lat' dir='ltr'><strong>in</strong></span> <span class='ocrx_word' id='word_1_141' title='bbox 156 2522 327 2582; x_wconf 78' lang='lat' dir='ltr'><strong>concionem</strong></span> <span class='ocrx_word' id='word_1_142' title='bbox 340 2523 437 2599; x_wconf 90' lang='lat' dir='ltr'><strong>populi</strong></span> <span class='ocrx_word' id='word_1_143' title='bbox 458 2522 605 2598; x_wconf 86' lang='lat' dir='ltr'><strong>prodibat;</strong></span> <span class='ocrx_word' id='word_1_144' title='bbox 627 2523 708 2581; x_wconf 87' lang='lat' dir='ltr'><strong>nulla</strong></span> <span class='ocrx_word' id='word_1_145' title='bbox 727 2541 774 2580; x_wconf 90' lang='lat' dir='ltr'><strong>res</strong></span> <span class='ocrx_word' id='word_1_146' title='bbox 792 2522 881 2597; x_wconf 90' lang='lat' dir='ltr'><strong>major</strong></span> <span class='ocrx_word' id='word_1_147' title='bbox 903 2522 966 2592; x_wconf 83' lang='lat' dir='ltr'><strong>siue</strong></span> <span class='ocrx_word' id='word_1_148' title='bbox 982 2543 1017 2582; x_wconf 91' lang='lat' dir='ltr'><strong>eo</strong></span> 
     </span>
     <span class='ocr_line' id='line_1_22' title="bbox 111 2616 1016 2693; baseline 0.001 -19"><span class='ocrx_word' id='word_1_149' title='bbox 111 2618 274 2693; x_wconf 83' lang='lat' dir='ltr'><strong>gerebatur,</strong></span> <span class='ocrx_word' id='word_1_150' title='bbox 303 2616 491 2691; x_wconf 85' lang='lat' dir='ltr'><strong>celeriterque</strong></span> <span class='ocrx_word' id='word_1_151' title='bbox 524 2635 587 2692; x_wconf 79' lang='lat' dir='ltr'><strong>quae</strong></span> <span class='ocrx_word' id='word_1_152' title='bbox 618 2634 690 2692; x_wconf 89' lang='lat' dir='ltr'><strong>opus</strong></span> <span class='ocrx_word' id='word_1_153' title='bbox 724 2627 807 2674; x_wconf 91' lang='lat' dir='ltr'><strong>erant</strong></span> <span class='ocrx_word' id='word_1_154' title='bbox 837 2616 1016 2691; x_wconf 86' lang='lat' dir='ltr'><strong>reperiebat;</strong></span> 
     </span>
     <span class='ocr_line' id='line_1_23' title="bbox 112 2708 1077 2787; baseline 0.002 -19"><span class='ocrx_word' id='word_1_155' title='bbox 112 2730 205 2787; x_wconf 88' lang='lat' dir='ltr'><strong>neque</strong></span> <span class='ocrx_word' id='word_1_156' title='bbox 218 2709 316 2769; x_wconf 84' lang='lat' dir='ltr'><strong>minirs</strong></span> <span class='ocrx_word' id='word_1_157' title='bbox 330 2710 360 2768; x_wconf 93' lang='lat' dir='ltr'><strong>in</strong></span> <span class='ocrx_word' id='word_1_158' title='bbox 373 2711 460 2768; x_wconf 90' lang='lat' dir='ltr'><strong>rebus</strong></span> <span class='ocrx_word' id='word_1_159' title='bbox 473 2710 608 2786; x_wconf 86' lang='lat' dir='ltr'><strong>gerendis</strong></span> <span class='ocrx_word' id='word_1_160' title='bbox 628 2721 785 2786; x_wconf 86' lang='lat' dir='ltr'><strong>promptus,</strong></span> <span class='ocrx_word' id='word_1_161' title='bbox 804 2708 890 2785; x_wconf 83' lang='lat' dir='ltr'><strong>qudm</strong></span> <span class='ocrx_word' id='word_1_162' title='bbox 903 2711 1017 2787; x_wconf 86' lang='lat' dir='ltr'><strong>excogi·</strong></span> <span class='ocrx_word' id='word_1_163' title='bbox 1035 2712 1077 2770; x_wconf 74' lang='lat'><strong>20</strong></span> 
     </span>
     <span class='ocr_line' id='line_1_24' title="bbox 111 2802 1016 2882; baseline 0.001 -20"><span class='ocrx_word' id='word_1_164' title='bbox 111 2805 217 2877; x_wconf 84' lang='lat' dir='ltr'><strong>tundis,</strong></span> <span class='ocrx_word' id='word_1_165' title='bbox 231 2816 303 2877; x_wconf 88' lang='lat' dir='ltr'><strong>erat,</strong></span> <span class='ocrx_word' id='word_1_166' title='bbox 314 2802 390 2879; x_wconf 74' lang='lat' dir='ltr'><strong>quod</strong></span> <span class='ocrx_word' id='word_1_167' title='bbox 405 2815 435 2862; x_wconf 88' lang='lat' dir='ltr'><strong>et</strong></span> <span class='ocrx_word' id='word_1_168' title='bbox 447 2804 484 2861; x_wconf 89' lang='lat' dir='ltr'><strong>de</strong></span> <span class='ocrx_word' id='word_1_169' title='bbox 498 2804 672 2863; x_wconf 89' lang='lat' dir='ltr'><strong>instantibus</strong></span> <span class='ocrx_word' id='word_1_170' title='bbox 687 2803 732 2882; x_wconf 90' lang='lat' dir='ltr'><strong>(ut</strong></span> <span class='ocrx_word' id='word_1_171' title='bbox 752 2805 792 2864; x_wconf 89' lang='lat' dir='ltr'><strong>ait</strong></span> <span class='ocrx_word' id='word_1_172' title='bbox 813 2804 1016 2882; x_wconf 86' lang='lat' dir='ltr'><strong>Thucydides)</strong></span> 
     </span>
     <span class='ocr_line' id='line_1_25' title="bbox 112 2897 1017 2974; baseline 0.001 -20"><span class='ocrx_word' id='word_1_173' title='bbox 112 2897 258 2957; x_wconf 68' lang='lat' dir='ltr'><strong>verissime</strong></span> <span class='ocrx_word' id='word_1_174' title='bbox 267 2899 427 2974; x_wconf 84' lang='lat' dir='ltr'><strong>judicabat,</strong></span> <span class='ocrx_word' id='word_1_175' title='bbox 435 2909 465 2956; x_wconf 91' lang='lat' dir='ltr'><strong>et</strong></span> <span class='ocrx_word' id='word_1_176' title='bbox 475 2898 511 2955; x_wconf 89' lang='lat' dir='ltr'><strong>de</strong></span> <span class='ocrx_word' id='word_1_177' title='bbox 521 2899 624 2957; x_wconf 89' lang='lat' dir='ltr'><strong>futuris</strong></span> <span class='ocrx_word' id='word_1_178' title='bbox 637 2897 823 2955; x_wconf 72' lang='lat' dir='ltr'><strong>callidissime</strong></span> <span class='ocrx_word' id='word_1_179' title='bbox 834 2899 1017 2974; x_wconf 78' lang='lat' dir='ltr'><strong>conjiciebat.</strong></span> 
     </span>
     <span class='ocr_line' id='line_1_26' title="bbox 110 2991 860 3067; baseline -0.004 -14"><span class='ocrx_word' id='word_1_180' title='bbox 110 2993 180 3055; x_wconf 81' lang='lat' dir='ltr'><strong>Quo</strong></span> <span class='ocrx_word' id='word_1_181' title='bbox 194 2994 302 3052; x_wconf 81' lang='lat' dir='ltr'><strong>factum</strong></span> <span class='ocrx_word' id='word_1_182' title='bbox 316 3005 369 3066; x_wconf 86' lang='lat' dir='ltr'><strong>est,</strong></span> <span class='ocrx_word' id='word_1_183' title='bbox 383 3004 416 3050; x_wconf 93' lang='lat' dir='ltr'><strong>ut</strong></span> <span class='ocrx_word' id='word_1_184' title='bbox 429 2992 509 3050; x_wconf 88' lang='lat' dir='ltr'><strong>brevi</strong></span> <span class='ocrx_word' id='word_1_185' title='bbox 522 3003 650 3067; x_wconf 89' lang='lat' dir='ltr'><strong>tempore</strong></span> <span class='ocrx_word' id='word_1_186' title='bbox 663 2991 860 3050; x_wconf 86' lang='lat' dir='ltr'><strong>illustraretur.</strong></span> 
     </span>
    </p>

    <p class='ocr_par' dir='ltr' id='par_1_9' title="bbox 109 3085 1076 3546">
     <span class='ocr_line' id='line_1_27' title="bbox 150 3085 1016 3164; baseline 0.003 -19"><span class='ocrx_word' id='word_1_187' title='bbox 150 3085 191 3145; x_wconf 87' lang='grc' dir='ltr'><strong>ΙΙ.</strong></span> <span class='ocrx_word' id='word_1_188' title='bbox 231 3088 346 3146; x_wconf 90' lang='lat' dir='ltr'><strong>Primus</strong></span> <span class='ocrx_word' id='word_1_189' title='bbox 361 3099 456 3146; x_wconf 84' lang='lat' dir='ltr'><strong>autern</strong></span> <span class='ocrx_word' id='word_1_190' title='bbox 470 3087 577 3164; x_wconf 84' lang='lat' dir='ltr'><strong>gradus</strong></span> <span class='ocrx_word' id='word_1_191' title='bbox 591 3085 645 3144; x_wconf 86' lang='lat' dir='ltr'><strong>fuit</strong></span> <span class='ocrx_word' id='word_1_192' title='bbox 655 3087 840 3162; x_wconf 70' lang='lat' dir='ltr'><strong>capessendo</strong></span> <span class='ocrx_word' id='word_1_193' title='bbox 851 3087 1016 3164; x_wconf 65' lang='lat' dir='ltr'><strong>reipublicae</strong></span> 
     </span>
     <span class='ocr_line' id='line_1_28' title="bbox 110 3182 1076 3261; baseline 0.006 -20"><span class='ocrx_word' id='word_1_194' title='bbox 110 3185 186 3242; x_wconf 91' lang='lat' dir='ltr'><strong>bello</strong></span> <span class='ocrx_word' id='word_1_195' title='bbox 200 3185 362 3259; x_wconf 74' lang='lat' dir='ltr'><strong>Corcyraeo.</strong></span> <span class='ocrx_word' id='word_1_196' title='bbox 404 3182 452 3240; x_wconf 83' lang='lat' dir='ltr'><strong>Ad</strong></span> <span class='ocrx_word' id='word_1_197' title='bbox 473 3183 550 3259; x_wconf 90' lang='lat' dir='ltr'><strong>quod</strong></span> <span class='ocrx_word' id='word_1_198' title='bbox 573 3183 734 3258; x_wconf 85' lang='lat' dir='ltr'><strong>gerendum</strong></span> <span class='ocrx_word' id='word_1_199' title='bbox 751 3194 853 3258; x_wconf 85' lang='lat' dir='ltr'><strong>praetor</strong></span> <span class='ocrx_word' id='word_1_200' title='bbox 874 3203 891 3241; x_wconf 87' lang='lat' dir='ltr'><strong>a</strong></span> <span class='ocrx_word' id='word_1_201' title='bbox 911 3188 1015 3261; x_wconf 88' lang='lat' dir='ltr'><strong>populo</strong></span> <span class='ocrx_word' id='word_1_202' title='bbox 1035 3189 1076 3247; x_wconf 70' lang='lat'><strong>25</strong></span> 
     </span>
     <span class='ocr_line' id='line_1_29' title="bbox 110 3277 1016 3354; baseline 0.003 -18"><span class='ocrx_word' id='word_1_203' title='bbox 110 3279 213 3352; x_wconf 85' lang='lat' dir='ltr'><strong>fectus,</strong></span> <span class='ocrx_word' id='word_1_204' title='bbox 228 3298 287 3337; x_wconf 87' lang='lat' dir='ltr'><strong>nou</strong></span> <span class='ocrx_word' id='word_1_205' title='bbox 301 3277 394 3336; x_wconf 80' lang='lat' dir='ltr'><strong>solirm</strong></span> <span class='ocrx_word' id='word_1_206' title='bbox 407 3277 542 3353; x_wconf 85' lang='lat' dir='ltr'><strong>praesenti</strong></span> <span class='ocrx_word' id='word_1_207' title='bbox 556 3278 632 3335; x_wconf 93' lang='lat' dir='ltr'><strong>bello</strong></span> <span class='ocrx_word' id='word_1_208' title='bbox 645 3278 695 3334; x_wconf 89' lang='lat' dir='ltr'><strong>sed</strong></span> <span class='ocrx_word' id='word_1_209' title='bbox 716 3277 802 3335; x_wconf 91' lang='lat' dir='ltr'><strong>etiam</strong></span> <span class='ocrx_word' id='word_1_210' title='bbox 824 3279 933 3354; x_wconf 90' lang='lat' dir='ltr'><strong>reliquo</strong></span> <span class='ocrx_word' id='word_1_211' title='bbox 946 3293 1016 3339; x_wconf 85' lang='lat' dir='ltr'><strong>tem·</strong></span> 
     </span>
     <span class='ocr_line' id='line_1_30' title="bbox 109 3370 1016 3450; baseline 0.002 -19"><span class='ocrx_word' id='word_1_212' title='bbox 109 3393 177 3449; x_wconf 88' lang='lat' dir='ltr'><strong>pore</strong></span> <span class='ocrx_word' id='word_1_213' title='bbox 189 3374 358 3433; x_wconf 85' lang='lat' dir='ltr'><strong>ferociorem</strong></span> <span class='ocrx_word' id='word_1_214' title='bbox 367 3372 493 3431; x_wconf 87' lang='lat' dir='ltr'><strong>reddidit</strong></span> <span class='ocrx_word' id='word_1_215' title='bbox 506 3372 660 3431; x_wconf 85' lang='lat' dir='ltr'><strong>civitatem.</strong></span> <span class='ocrx_word' id='word_1_216' title='bbox 702 3370 779 3430; x_wconf 86' lang='lat' dir='ltr'><strong>Nam</strong></span> <span class='ocrx_word' id='word_1_217' title='bbox 794 3393 880 3448; x_wconf 91' lang='lat' dir='ltr'><strong>quum</strong></span> <span class='ocrx_word' id='word_1_218' title='bbox 890 3377 1016 3450; x_wconf 90' lang='lat' dir='ltr'><strong>pecunia</strong></span> 
     </span>
     <span class='ocr_line' id='line_1_31' title="bbox 109 3465 1015 3546; baseline 0.002 -19"><span class='ocrx_word' id='word_1_219' title='bbox 109 3468 237 3545; x_wconf 88' lang='lat' dir='ltr'><strong>publica,</strong></span> <span class='ocrx_word' id='word_1_220' title='bbox 247 3486 310 3543; x_wconf 84' lang='lat' dir='ltr'><strong>quae</strong></span> <span class='ocrx_word' id='word_1_221' title='bbox 320 3487 358 3526; x_wconf 85' lang='lat' dir='ltr'><strong>ex</strong></span> <span class='ocrx_word' id='word_1_222' title='bbox 368 3466 492 3527; x_wconf 80' lang='lat' dir='ltr'><strong>metallis</strong></span> <span class='ocrx_word' id='word_1_223' title='bbox 501 3467 624 3540; x_wconf 85' lang='lat' dir='ltr'><strong>redibat,</strong></span> <span class='ocrx_word' id='word_1_224' title='bbox 635 3465 787 3545; x_wconf 85' lang='lat' dir='ltr'><strong>largitione</strong></span> <span class='ocrx_word' id='word_1_225' title='bbox 797 3469 1015 3546; x_wconf 82' lang='lat' dir='ltr'><strong>magistratuum</strong></span> 
     </span>
    </p>
   </div>
   <div class='ocr_carea' id='block_1_9' title="bbox 0 0 1200 4132">
    <p class='ocr_par' dir='ltr' id='par_1_10' title="bbox 0 0 1200 4132">
     <span class='ocr_line' id='line_1_32' title="bbox 0 0 1200 4132; baseline 0 1"><span class='ocrx_word' id='word_1_226' title='bbox 0 0 1200 4132; x_wconf 95' lang='lat' dir='ltr'><strong> </strong></span> 
     </span>
    </p>
   </div>
  </div>
 </body>
</html>
