2392 4132
457 320 461 326 ’
534 350 747 400 nausimus.

176 508 263 567 etiarn
285 508 361 584 apud
382 508 518 567 barbaros
539 511 653 567 summi
668 510 807 587 religione
825 509 925 568 omnia
939 509 1094 569 simulacra

176 623 294 679 arasque
323 604 511 662 conservavit.
579 605 681 681 Itaque
707 605 895 682 praedicabat,
921 605 1027 660 mirari
1053 624 1093 672 se,

175 719 230 756 nou
245 700 449 774 sacrilegorum
469 719 581 757 numero
602 701 711 774 nutui,
726 701 776 777 qui
796 700 973 777 supplicibus
998 719 1092 756 eorum

175 795 354 859 nocuissent,·
376 803 428 852 aut
445 815 501 852 non
515 796 702 870 grauioribus
713 796 807 872 panis
829 795 914 871 affici,
929 794 979 871 qui
993 794 1092 867 religi-

135 890 156 946 5
176 908 254 946 onem
268 890 435 963 minuerent,
450 889 535 967 quarn
549 890 688 967 quisana
702 892 867 968 spoliarent.

215 985 251 1041 V.
294 985 363 1042 Post
386 987 442 1043 hoc
469 985 614 1062 proelium,
636 987 772 1044 collatum
802 997 847 1044 est
875 1004 962 1044 omne
982 985 1090 1041 bellum
1118 999 1123 1007 ·

175 1079 255 1137 circa
278 1081 461 1153 Corinthum,
483 1081 604 1156 ideoque
628 1080 809 1138 Corinthium
836 1091 880 1138 est
908 1080 1091 1156 appellatum.

176 1172 236 1231 Hic
256 1194 344 1250 quum
365 1174 424 1231 uni
444 1176 544 1251 pugni
564 1176 667 1232 decem
687 1175 779 1232 millia
800 1175 938 1246 hostium,
952 1174 1093 1250 Agesilao

175 1270 260 1342 duce,
275 1269 459 1343 cecidissent,
474 1264 658 1344 eoque'lacto
671 1289 741 1346 opes
756 1270 984 1328 adversariorum
1001 1269 1093 1326 debil-

119 1364 156 1423 10
176 1365 253 1423 itatae
276 1365 460 1435 viderentur3
482 1363 595 1422 tantiam
620 1365 712 1422 abfuit
736 1365 773 1422 ab
798 1364 953 1423 insolentia
979 1364 1092 1440 gloriae,

175 1472 206 1518 ut
226 1460 443 1518 commiseratus
464 1460 501 1518 sit
516 1462 658 1519 fortunam
672 1460 794 1518 Graeciae
808 1480 815 1530 3
837 1457 916 1536 quid
933 1468 992 1516 tarn
1006 1460 1091 1538 malti

174 1574 194 1612 a
207 1574 235 1612 se
249 1555 320 1611 victi
334 1555 404 1612 uitio
420 1555 649 1612 aduersariorum
664 1555 873 1612 concidissent:
894 1575 1013 1630 namque
1036 1553 1091 1612 tua

175 1651 365 1723 multitudiue,
380 1652 406 1708 si
420 1671 494 1708 sana
506 1671 581 1708 ruens
595 1659 677 1723 esset,
690 1650 813 1708 Gracia
834 1650 1005 1726 supplicium
1016 1649 1092 1707 Per·

174 1764 222 1827 sas
237 1746 306 1804 clare
316 1747 454 1823 potuisse.
496 1746 579 1804 Idem
593 1766 682 1821 quum
698 1745 875 1821 adversarios
890 1745 967 1804 iutra
981 1745 1091 1803 moenia

118 1840 155 1897 15
175 1841 370 1916 compulisset,
391 1852 420 1898 et
440 1852 473 1898 ut
493 1840 666 1899 Corinthum
687 1853 867 1918 oppugnaret
887 1838 970 1899 multi
995 1841 1090 1899 horta·

173 1947 273 1993 rentur
284 1954 292 2003 ;
313 1934 431 2011 negavit
443 1935 478 1991 id
495 1955 553 1992 sua
573 1936 678 1992 virtuti
699 1936 866 1994 conuenire:
887 1955 916 1993 se
936 1936 1008 1993 eninr
1029 1955 1089 1993 eum

174 2050 232 2089 esse
246 2030 328 2103 dixit,
343 2031 394 2107 qui
415 2030 456 2088 ad
474 2031 593 2107 officium
608 2040 762 2108 peccantes
782 2031 875 2089 redire
897 2039 1019 2106 cogeret,
1033 2050 1090 2088 nen

174 2127 224 2203 qui
250 2127 332 2184 urbes
359 2127 550 2184 nobilissimas
574 2135 751 2204 expugnaret
773 2125 906 2183 Gracia.
948 2125 1027 2183 Nam
1052 2127 1088 2199 si,

174 2221 277 2297 inquit,
291 2241 335 2278 eos
350 2222 513 2295 extinguere
527 2221 705 2293 voluerimus,
720 2221 771 2296 qui
788 2220 930 2277 nobiscum
950 2217 1089 2276 aduersus

113 2318 154 2376 20
174 2317 310 2374 barbaros
330 2324 477 2389 steterunt,
492 2316 656 2392 nosmetipsi
676 2335 726 2373 nos
747 2315 1013 2391 expugnaverimus,
1028 2314 1088 2373 illis

173 2410 398 2488 quiescentibus:
419 2430 473 2487 quo
485 2409 585 2486 facto,
604 2412 664 2468 sine
683 2411 808 2486 negotio,
829 2429 914 2486 quum
934 2409 1089 2483 voluerint,

173 2526 223 2564 nos
238 2507 405 2583 oppriment.

210 2602 264 2659 VI.
307 2601 428 2660 Interim
445 2602 552 2660 accidit
566 2602 615 2659 illa
629 2601 778 2659 calamitas
800 2599 876 2677 apud
890 2599 1019 2658 Leuctra
1032 2601 1088 2658 La·

173 2695 368 2756 cedaemoniis.
409 2695 480 2758 Qud
494 2716 531 2754 ne
545 2696 786 2772 proficisceretur,
800 2714 889 2771 quum
904 2714 921 2752 a
940 2696 1088 2772 plerisque

110 2793 154 2852 -25
174 2794 210 2852 ad
227 2791 391 2850 exeundum
410 2802 598 2868 premeretur,
612 2803 644 2848 ut
658 2790 681 2847 si
696 2791 732 2848 de
747 2790 826 2848 exitu
840 2790 992 2864 divinaret,
1006 2792 1087 2850 exire

173 2887 274 2948 noluit.
316 2887 409 2960 idern,
419 2907 506 2963 quum
521 2886 738 2963 Epaminondas
748 2887 881 2964 Spartam
894 2899 1086 2964 oppugnaret,

172 2996 304 3059 essetque
332 2983 395 3041 sine
422 2982 512 3040 muris
538 2981 685 3059 oppidum,
711 2983 797 3041 talem
825 3002 856 3040 se
883 2982 1086 3059 imperatorem

172 3079 304 3155 praebuit,
330 3091 362 3137 ut
388 3099 423 3136 eo
446 3090 574 3154 tempore
594 3078 729 3135 omnibus
757 3077 930 3154 apparuerit,
952 3076 1008 3135 nisi
1036 3078 1086 3136 ille

175 3173 285 3244 fuisset,
308 3175 439 3248 Spartam
462 3175 587 3230 suturam
608 3192 666 3230 non
688 3171 785 3230 luisse.
833 3171 869 3228 In
890 3192 947 3247 quo
966 3172 1085 3247 quidem

116 3269 157 3326 30
177 3267 344 3324 discrimine
365 3268 498 3325 celeritas
518 3266 581 3341 ejus
611 3266 725 3324 consilii
753 3265 838 3325 saluti
860 3267 913 3324 fuit
934 3267 1086 3325 universis.

173 3362 202 3419 N
206 3382 251 3419 am
273 3382 360 3437 quum
375 3363 491 3438 quidam
506 3362 724 3445 adolescentuli,
739 3362 862 3420 hostium
879 3363 1003 3419 adventu
1024 3383 1087 3438 per-

173 3457 274 3529 territi,
291 3458 324 3514 ad
341 3458 500 3516 Thebanos
514 3459 694 3534 transfugere
708 3458 823 3528 vellent,
838 3468 867 3513 et
887 3458 983 3514 locum
1005 3472 1088 3518 extra

174 3552 274 3611 urbem
284 3553 393 3611 editum
405 3553 560 3627 cepissent,
573 3553 739 3628 Agesilaus,
748 3551 797 3627 qui
807 3551 1088 3626 perniciosissimum
