2392 4132
494 310 632 400 'CONOR
1044 344 1083 402 39

112 521 206 576 rator;
228 508 389 581 tequidem
403 509 469 566 vend
484 509 624 567 exercitui
644 510 759 585 praesuit
772 509 888 582 Conon,
903 509 1024 585 ejusque

110 603 208 660 omnia
218 603 336 661 arbitrio
346 616 427 678 gesta
439 617 514 662 sunt.
555 605 616 662 Hic
629 603 752 662 multum
763 605 868 662 ducem
880 624 1024 663 summum

112 696 282 772 Agesilaiim
310 697 469 772 impedivit,
497 696 632 774 saepeque
659 699 723 774 ejus
749 699 879 757 consiliis
902 700 1021 758 obstitit.

88 823 89 827 κ
112 791 215 866 Neque
230 791 298 849 vero
312 812 371 850 non
386 793 440 851 fuit
455 805 595 868 apertum,
611 794 635 850 si
650 793 697 850 ille
712 813 771 851 non
787 794 896 867 suisset,
920 794 1023 870 Agesi-

111 887 188 944 lai'rm
201 888 304 944 Asiam
315 887 416 946 Tauro
434 899 520 946 tenus
534 888 612 964 Regi
637 888 725 946 fuisse
744 902 917 960 erepturum.
958 889 1022 952 Qui
1042 891 1063 948 ὅ

110 995 296 1056 posteaquam
311 984 428 1040 domum
444 984 534 1040 asnis
556 984 667 1041 civibus
691 996 841 1042 revocatus
865 996 919 1057 est,
943 983 1021 1059 quod

111 1077 215 1135 Boeotii
229 1090 258 1143 et
272 1079 469 1137 Athenienses
483 1078 714 1136 Lacedaemoniis
725 1079 833 1136 bellum
847 1079 1021 1151 indixerant,

111 1173 214 1230 Conon
229 1174 320 1232 nihilo
338 1172 434 1232 secihs
459 1175 535 1249 apud
556 1175 707 1250 praefectos
731 1174 825 1250 Regis
844 1175 1020 1247 versabatur,

112 1267 212 1342 hisque
223 1269 358 1326 omnibus
371 1268 496 1326 maximo
509 1280 570 1327 erat
582 1267 656 1326 usui.
834 1264 838 1271 ’

150 1361 207 1419 ΙΙΙ.
250 1363 405 1422 Defecerat
419 1382 436 1420 a
450 1363 535 1440 Rege
550 1363 773 1440 Tissaphernes,
787 1382 881 1438 neque
906 1364 935 1420 id
959 1374 1019 1422 tam
1041 1364 1079 1422 10

111 1457 275 1530 Artaxerxi,
297 1455 384 1532 quhm
398 1458 520 1530 caeteris,
546 1470 608 1516 erat
635 1469 775 1533 apertum.
818 1457 920 1516 Multis
940 1459 1019 1516 enim

111 1551 280 1627 magnisque
293 1552 403 1610 meritis
418 1553 493 1627 apud
509 1553 634 1627 Regem,
649 1553 737 1611 etiam
759 1572 846 1626 quum
871 1553 901 1609 in
924 1552 1020 1610 officio

111 1667 168 1704 non
195 1659 335 1719 maneret,
363 1648 485 1706 valebat.
528 1647 632 1722 Neque
659 1648 689 1704 id
714 1647 888 1719 mirandum,
913 1648 937 1705 si
961 1667 1020 1705 nou

111 1741 196 1800 facile
212 1743 247 1799 ad
262 1744 438 1800 credendum
455 1743 663 1816 adducebatur,
684 1742 885 1815 reminiscens,
905 1742 967 1818 ejus
989 1762 1020 1799 se

111 1839 199 1915 opera
226 1839 335 1915 Cyrum
368 1841 485 1898 fratrem
520 1840 680 1915 superasse.
737 1838 834 1914 Hujus
863 1839 1020 1895 accusandi
1043 1839 1080 1897 15

110 1935 203 2010 gratia
218 1935 321 1992 Conon
337 1954 353 1991 a
367 1934 559 1995 Pharnabazo
574 1936 610 1990 ad
632 1934 747 2011 Regem
772 1934 886 2006 missuS,
910 1944 1021 2009 postea·

110 2048 196 2105 quam
209 2030 298 2103 venit,
312 2030 437 2106 primum
450 2050 488 2088 ex
501 2050 580 2088 more
594 2029 748 2087 Persarum
760 2031 797 2087 ad
808 2030 1019 2101 Chiliarchum,

109 2125 158 2200 qui
185 2127 346 2183 secundum
373 2127 495 2202 gradum
523 2125 635 2201 imperii
669 2126 797 2198 tenebat,
829 2124 1020 2182 Tithrausten

111 2219 243 2293 accessit,
255 2240 342 2296 seque
353 2221 555 2299 ostenditcum
567 2221 652 2298 Rege
662 2220 785 2295 colloqui
797 2221 878 2277 velle.
892 2244 894 2248 ⁴
921 2219 1017 2277 Nemo

110 2314 186 2371 enim
202 2314 265 2372 sine
277 2316 332 2373 hoc
348 2315 515 2374 admittitur.
558 2315 639 2374 Huic
654 2315 712 2389 ille,
726 2317 816 2388 nullo,
826 2315 928 2390 inquit,
940 2334 1021 2372 mora
1039 2315 1080 2373 20

110 2416 168 2472 est,·
190 2409 241 2466 sed
252 2417 284 2466 tu
298 2410 434 2483 delibero,
448 2409 545 2468 utrum
560 2411 681 2486 colloqui
694 2412 788 2484 naulis,
803 2430 900 2487 anper
908 2412 1020 2468 litteras

110 2521 205 2578 ogere,
220 2507 418 2580 praecogites.
461 2506 581 2564 Necesse
596 2515 637 2563 est
650 2506 732 2578 enim,
748 2507 774 2562 si
795 2507 826 2562 t‘n
845 2514 1021 2582 conspectum

111 2599 229 2671 ameris,
244 2601 375 2656 venerari
392 2608 419 2657 te
430 2600 540 2676 Regem
550 2599 640 2678 (quod
651 2600 827 2675 proskynein
838 2600 878 2657 illi
890 2601 1019 2678 vocant.)

110 2692 177 2751 Hoc
191 2695 218 2751 si
231 2694 287 2751 tihi
297 2714 389 2769 grace
403 2703 454 2768 est,
463 2716 519 2772 per
532 2717 573 2753 me
586 2697 676 2754 nihilo
690 2695 783 2753 seticis
806 2697 890 2753 editis
904 2697 1021 2752 oranda-

111 2788 148 2845 ta's
173 2788 314 2865 conficies,
341 2790 418 2866 quod
429 2791 532 2849 stodes.
588 2791 668 2847 Tum
696 2791 810 2863 Conon,
838 2791 916 2846 Malui
943 2789 1019 2861 vero,
1039 2790 1081 2848 25

111 2881 212 2956 inquit,
239 2902 296 2940 non
323 2892 487 2959 cotgrave,
511 2887 635 2961 quemvis
656 2886 785 2942 honorem
809 2884 911 2941 habere
930 2885 1019 2957 Regi.

81 2991 89 2998 ·
110 2975 170 3034 Sed
180 2997 286 3050 vereor,
297 2997 332 3036 ae
346 2980 461 3036 civitati
475 2999 540 3036 mee
554 2980 593 3035 sit
607 2979 770 3054 opprobrio,
785 2980 821 3049 si,
843 2998 927 3053 quum
941 2999 973 3035 ee
986 2977 1019 3036 ed

109 3071 160 3128 sim
167 3071 329 3148 profectus,
344 3093 406 3150 quea
421 3075 530 3133 ceteris
541 3074 676 3148 gentibus
687 3073 826 3150 imperare
836 3075 1019 3147 consueverit,

103 3166 205 3244 potitis
220 3169 418 3242 barbarorum,
433 3170 518 3246 quom
539 3171 628 3237 iltius,
647 3190 721 3228 more
733 3168 863 3245 fungor.
905 3169 1018 3244 Itaque,

108 3279 170 3337 quae
184 3263 308 3336 volebat,
322 3264 391 3322 huic
406 3265 512 3341 scripta
526 3265 652 3323 tradidit.
1039 3268 1080 3324 30

149 3357 202 3416 IV.
245 3359 364 3420 Quibus
387 3360 522 3435 cognitis,
548 3360 616 3417 Rex
640 3358 753 3417 tantiam
773 3361 943 3418 auctoritate
957 3362 1020 3435 ejus

110 3464 202 3510 motus
216 3464 270 3526 est,
286 3464 318 3536 ut
332 3453 560 3531 Tissaphernem
575 3456 686 3512 hostem
696 3454 877 3529 judicaverit,
889 3466 919 3512 et
929 3455 1021 3512 Lace-

111 3545 267 3608 daemonios
281 3547 358 3607 bello
370 3548 503 3626 persequi
515 3548 642 3626 jusserit,
657 3559 686 3606 et
699 3548 727 3606 ei
740 3548 913 3628 permiserit,
932 3567 1018 3624 quem
