2392 4132
174 345 185 384 r
205 352 213 369 =
524 341 621 392 DION.
1049 336 1089 394 «lb

114 502 273 572 raclidem;
294 500 475 578 quiquidem
496 502 690 577 principatum
705 520 764 559 non
779 500 955 573 concedens,
971 502 1030 559 sac·

114 597 222 663 tionem
236 597 421 673 comparavit.
470 595 574 671 Neque
589 597 613 654 is
627 593 724 654 minus
738 597 852 654 valebat
867 596 943 672 apud
957 597 1029 672 opti·

113 705 215 764 metes,
243 711 365 769 quorum
392 710 536 749 consensu
563 702 686 767 praeerat
711 691 809 764 classi,
836 710 925 766 quum
949 690 1027 749 Dion

113 788 273 846 exercitum
299 788 463 863 pedestrem
489 797 611 845 teneret.
659 786 728 844 Non
755 786 821 844 tulit
848 787 904 843 hoc
932 786 1028 844 animo

114 902 194 958 atquo
213 882 301 956 Dion,
321 893 351 940 et
370 901 484 939 versum
505 882 586 939 illum
600 880 723 939 Homeri
736 882 834 939 retulit
847 900 884 938 ex
898 883 1027 939 secundi
1047 883 1067 939 5

113 978 278 1054 rhapsodib,
303 978 334 1035 in
358 996 414 1053 quo
436 978 499 1034 haec
523 976 668 1034 sententia
688 987 749 1034 est:
780 976 850 1033 Non
861 995 946 1052 posse
960 976 1026 1034 benc

110 1074 177 1148 geri
204 1073 405 1149 rempublicam
431 1072 581 1128 multorum
601 1072 738 1147 imperiis.
798 1070 888 1133 Quod
917 1072 1026 1129 dictum

113 1187 219 1244 magna
240 1168 349 1225 invidia
363 1178 521 1225 consecuta
541 1178 593 1224 est.
635 1165 769 1241 Namque
791 1166 936 1242 aperuisse
950 1167 1028 1224 vide·

113 1264 207 1336 batur,
219 1283 250 1321 se
264 1263 363 1322 omnia
383 1262 413 1319 in
435 1263 487 1319 sud
507 1273 648 1338 potestate
668 1281 732 1319 esse
753 1263 834 1320 velle.
876 1262 965 1319 Hanc
979 1263 1027 1319 ille

113 1379 171 1418 non
192 1360 284 1417 lenire
303 1360 452 1434 obsequio,
473 1359 525 1416 sed
547 1358 703 1417 acerbitate
724 1359 885 1434 opprimere
905 1359 1025 1431 studuit,
1048 1359 1086 1416 1⁰

113 1432 368 1530 Heraclidemque,
379 1474 468 1530 quum
480 1455 639 1530 Syracusas
647 1454 782 1527 venisset,
793 1455 1026 1512 interficiendum

113 1549 232 1607 curavit.

150 1644 221 1702 VII.
262 1644 353 1707 Quod
374 1646 482 1702 sactum
502 1644 638 1702 omnibus
657 1645 815 1701 maximum
836 1643 968 1701 timorem
985 1645 1027 1700 in-

110 1740 188 1816 jecit.
249 1739 345 1798 Nemo
365 1741 453 1813 enirn,
474 1741 524 1799 illo
545 1740 707 1811 interfecto,
730 1759 761 1797 se
782 1751 875 1797 tutum
895 1740 1025 1814 putabat.

111 1835 165 1894 Ille
190 1847 297 1909 autem,
320 1836 482 1895 adversario
502 1848 621 1909 remoto,
648 1835 785 1894 licentius
812 1854 912 1892 eorum
939 1836 1025 1908 bona,
1047 1837 1085 1894 15

111 1951 181 2007 quos
202 1931 314 1990 sciebat
335 1928 471 1990 adversirs
492 1951 523 1990 se
544 1932 679 2005 sensisse,
700 1932 840 1989 militibus
857 1931 1024 2008 dispertivit.

111 2027 229 2088 Quibus
243 2027 352 2101 divisis,
363 2048 451 2104 quum
465 2029 625 2104 quotidiani
636 2028 754 2085 maximi
768 2029 871 2086 fierent
885 2040 1025 2105 sumptus,

111 2122 243 2180 celeriter
262 2123 389 2198 pecuniis
407 2123 508 2182 deesse
523 2124 629 2200 coepit3
650 2144 755 2198 neque,
769 2123 826 2198 qud
841 2143 943 2181 manus
963 2145 1026 2200 por-

110 2217 227 2294 rigeret,
241 2220 421 2294 suppetebat,
436 2220 493 2277 nisi
513 2219 544 2277 in
565 2221 723 2278 amicorum
743 2220 947 2296 possessiones.
990 2219 1025 2276 ld

111 2314 277 2390 hujusmodi
296 2326 368 2388 erat,
383 2328 425 2389 ut,
440 2334 529 2391 quum
550 2317 656 2374 milites
670 2317 898 2388 reconciliasset,
915 2316 1025 2373 amitte·
1044 2317 1085 2374 20

110 2419 153 2467 ret
172 2408 334 2485 optimates.
388 2410 522 2471 Quarum
550 2431 646 2468 rerum
673 2413 744 2468 curis
769 2413 963 2488 frangebatur,
985 2423 1024 2484 et,

111 2502 241 2589 insuetus
255 2501 331 2563 male
353 2505 500 2578 audiendi,
514 2526 574 2564 non
588 2525 670 2581 aequo
685 2507 781 2564 animo
795 2508 914 2578 ferebat,
937 2508 972 2562 de
994 2526 1025 2563 se

111 2599 197 2656 abiis
211 2597 288 2657 meld
302 2599 470 2673 existimari,
485 2620 606 2675 quorum
627 2600 713 2677 paulb
736 2598 802 2656 ante
819 2601 848 2657 in
865 2601 968 2657 caelum
983 2602 1025 2658 fu-

110 2705 171 2752 erat
191 2694 285 2752 elatus
305 2693 448 2752 laudibus.
510 2696 624 2772 Vulgus
646 2707 752 2768 autern,
774 2696 885 2753 offensis
907 2695 937 2752 in
957 2715 1024 2752 eum

110 2788 233 2846 militum
248 2788 404 2861 voluntate,
426 2788 545 2848 liberids
559 2791 737 2866 loquebatur,
757 2803 786 2848 et
800 2799 955 2867 tyrannum
969 2810 1025 2846 non
1044 2791 1084 2847 25

110 2881 266 2959 ferendum
280 2883 441 2942 dictitabat.

148 2977 236 3036 VIII.
279 2979 353 3037 Haec
367 2979 415 3037 ille
432 2979 558 3052 intuens,
573 2999 672 3055 quum,
686 2979 929 3054 quemadmodum
944 2979 1025 3034 seda·

110 3084 162 3145 ret,
173 3074 313 3147 nesciret,
325 3086 363 3147 et,
375 3094 510 3149 quorsum
520 3076 685 3147 evaderent,
700 3074 830 3143 timeret3
853 3073 1025 3132 Callicrates

109 3168 236 3243 quidam,
251 3169 324 3227 civis
345 3169 544 3242 Atheniensis,
566 3169 615 3244 qui
636 3169 721 3226 simul
743 3188 810 3226 cum
831 3188 866 3226 eo
886 3188 921 3225 ex
943 3168 1025 3226 Pelo-

110 3280 240 3337 ponneso
257 3263 287 3320 in
301 3264 433 3321 Siciliam
447 3274 575 3336 venerat,
588 3265 674 3321 homo
684 3275 714 3322 et
725 3264 847 3321 callidus
859 3275 887 3321 et
900 3264 935 3320 ed
951 3265 1024 3320 lrau-
1044 3265 1083 3320 30

36 3382 37 3386 ¹
111 3357 174 3415 dem
190 3370 304 3431 acutus,
319 3358 382 3415 sine
396 3359 455 3416 ullis
468 3358 608 3434 religione
624 3378 658 3416 ac
673 3359 740 3431 fide,
757 3359 816 3416 adit
830 3360 866 3415 ad
887 3359 1023 3430 Dionem,

112 3463 139 3510 et
152 3453 210 3513 eit:
233 3472 294 3510 cum
311 3451 368 3532 [ln]
385 3473 489 3528 magno
498 3454 629 3529 periculo
644 3473 701 3510 esse
711 3462 832 3530 propter
847 3453 1024 3528 offensionem

118 3549 220 3626 populi
234 3556 262 3606 ct
276 3548 370 3606 odium
383 3549 514 3621 militum,
529 3547 606 3624 quod
617 3549 694 3605 nrtllo
708 3548 787 3631 modo
802 3549 909 3604 evitare
915 3554 1023 3622 posset,
