<?xml version="1.0" encoding="UTF-8"?>
<!DOCTYPE html PUBLIC "-//W3C//DTD XHTML 1.0 Transitional//EN"
    "http://www.w3.org/TR/xhtml1/DTD/xhtml1-transitional.dtd">
<html xmlns="http://www.w3.org/1999/xhtml" xml:lang="en" lang="en">
 <head>
  <title>
</title>
<meta http-equiv="Content-Type" content="text/html;charset=utf-8" />
  <meta name='ocr-system' content='tesseract 3.04.00' />
  <meta name='ocr-capabilities' content='ocr_page ocr_carea ocr_par ocr_line ocrx_word'/>
</head>
<body>
  <div class='ocr_page' id='page_1' title='image "./devitaexcellent00nepogoog_0082.png"; bbox 0 0 2392 4132; ppageno 0'>
   <div class='ocr_carea' id='block_1_1' title="bbox 464 284 1086 390">
    <p class='ocr_par' dir='ltr' id='par_1_1' title="bbox 464 284 1086 390">
     <span class='ocr_line' id='line_1_1' title="bbox 464 284 1086 390; baseline -0.002 0"><span class='ocrx_word' id='word_1_1' title='bbox 464 284 670 390; x_wconf 69' lang='lat' dir='ltr'><strong>Panormus.</strong></span> <span class='ocrx_word' id='word_1_2' title='bbox 1042 332 1086 389; x_wconf 73' lang='lat'><strong>71¹</strong></span> 
     </span>
    </p>
   </div>
   <div class='ocr_carea' id='block_1_2' title="bbox 92 496 1084 3604">
    <p class='ocr_par' dir='ltr' id='par_1_2' title="bbox 111 496 1063 1139">
     <span class='ocr_line' id='line_1_2' title="bbox 111 496 1024 577; baseline 0.003 -21"><span class='ocrx_word' id='word_1_3' title='bbox 111 496 250 556; x_wconf 84' lang='lat' dir='ltr'><strong>concidit</strong></span> <span class='ocrx_word' id='word_1_4' title='bbox 292 496 340 554; x_wconf 95' lang='lat' dir='ltr'><strong>Illi</strong></span> <span class='ocrx_word' id='word_1_5' title='bbox 355 496 442 573; x_wconf 86' lang='lat' dir='ltr'><strong>igitur</strong></span> <span class='ocrx_word' id='word_1_6' title='bbox 456 499 620 572; x_wconf 80' lang='lat' dir='ltr'><strong>duodecim,</strong></span> <span class='ocrx_word' id='word_1_7' title='bbox 635 517 756 574; x_wconf 91' lang='lat' dir='ltr'><strong>quorum</strong></span> <span class='ocrx_word' id='word_1_8' title='bbox 769 511 832 558; x_wconf 89' lang='lat' dir='ltr'><strong>erat</strong></span> <span class='ocrx_word' id='word_1_9' title='bbox 845 500 904 558; x_wconf 86' lang='lat' dir='ltr'><strong>dux</strong></span> <span class='ocrx_word' id='word_1_10' title='bbox 923 501 1024 577; x_wconf 89' lang='lat' dir='ltr'><strong>Pelop-</strong></span> 
     </span>
     <span class='ocr_line' id='line_1_3' title="bbox 111 591 1023 670; baseline 0.001 -20"><span class='ocrx_word' id='word_1_11' title='bbox 111 593 185 665; x_wconf 87' lang='lat' dir='ltr'><strong>idas,</strong></span> <span class='ocrx_word' id='word_1_12' title='bbox 201 610 290 666; x_wconf 89' lang='lat' dir='ltr'><strong>quum</strong></span> <span class='ocrx_word' id='word_1_13' title='bbox 307 591 430 649; x_wconf 79' lang='lat' dir='ltr'><strong>Athenis</strong></span> <span class='ocrx_word' id='word_1_14' title='bbox 443 592 570 649; x_wconf 87' lang='lat' dir='ltr'>interdiu</span> <span class='ocrx_word' id='word_1_15' title='bbox 590 591 729 664; x_wconf 76' lang='lat' dir='ltr'><strong>exissent,</strong></span> <span class='ocrx_word' id='word_1_16' title='bbox 750 605 783 652; x_wconf 93' lang='lat' dir='ltr'><strong>ut</strong></span> <span class='ocrx_word' id='word_1_17' title='bbox 803 606 1023 670; x_wconf 80' lang='lat' dir='ltr'><strong>vesperascente</strong></span> 
     </span>
     <span class='ocr_line' id='line_1_4' title="bbox 111 686 1022 762; baseline 0.003 -18"><span class='ocrx_word' id='word_1_18' title='bbox 111 688 183 744; x_wconf 74' lang='lat' dir='ltr'><strong>oaelo</strong></span> <span class='ocrx_word' id='word_1_19' title='bbox 197 686 318 744; x_wconf 85' lang='lat' dir='ltr'><strong>Thebas</strong></span> <span class='ocrx_word' id='word_1_20' title='bbox 331 698 450 761; x_wconf 87' lang='lat' dir='ltr'><strong>possent</strong></span> <span class='ocrx_word' id='word_1_21' title='bbox 462 686 624 762; x_wconf 84' lang='lat' dir='ltr'><strong>pervenire,</strong></span> <span class='ocrx_word' id='word_1_22' title='bbox 647 707 713 745; x_wconf 92' lang='lat' dir='ltr'><strong>cum</strong></span> <span class='ocrx_word' id='word_1_23' title='bbox 735 689 858 746; x_wconf 90' lang='lat' dir='ltr'><strong>canibus</strong></span> <span class='ocrx_word' id='word_1_24' title='bbox 882 689 1022 747; x_wconf 88' lang='lat' dir='ltr'><strong>venaticis</strong></span> 
     </span>
     <span class='ocr_line' id='line_1_5' title="bbox 112 781 1023 859; baseline 0.004 -21"><span class='ocrx_word' id='word_1_25' title='bbox 112 781 255 854; x_wconf 87' lang='lat' dir='ltr'><strong>exierunt,</strong></span> <span class='ocrx_word' id='word_1_26' title='bbox 269 781 342 839; x_wconf 90' lang='lat' dir='ltr'><strong>retia</strong></span> <span class='ocrx_word' id='word_1_27' title='bbox 356 782 490 854; x_wconf 80' lang='lat' dir='ltr'><strong>ferentes,</strong></span> <span class='ocrx_word' id='word_1_28' title='bbox 505 783 609 840; x_wconf 80' lang='lat' dir='ltr'><strong>vestitu</strong></span> <span class='ocrx_word' id='word_1_29' title='bbox 624 784 739 859; x_wconf 86' lang='lat' dir='ltr'><strong>agresti,</strong></span> <span class='ocrx_word' id='word_1_30' title='bbox 754 782 811 859; x_wconf 86' lang='lat' dir='ltr'><strong>qud</strong></span> <span class='ocrx_word' id='word_1_31' title='bbox 829 784 940 842; x_wconf 89' lang='lat' dir='ltr'><strong>minore</strong></span> <span class='ocrx_word' id='word_1_32' title='bbox 962 804 1023 842; x_wconf 87' lang='lat' dir='ltr'><strong>sus·</strong></span> 
     </span>
     <span class='ocr_line' id='line_1_6' title="bbox 111 875 1063 955; baseline 0.007 -24"><span class='ocrx_word' id='word_1_33' title='bbox 111 875 226 951; x_wconf 91' lang='lat' dir='ltr'><strong>picione</strong></span> <span class='ocrx_word' id='word_1_34' title='bbox 251 876 380 933; x_wconf 85' lang='lat' dir='ltr'><strong>facerent</strong></span> <span class='ocrx_word' id='word_1_35' title='bbox 406 876 468 933; x_wconf 88' lang='lat' dir='ltr'><strong>iter.</strong></span> <span class='ocrx_word' id='word_1_36' title='bbox 510 876 574 937; x_wconf 79' lang='lat' dir='ltr'><strong>Qui</strong></span> <span class='ocrx_word' id='word_1_37' title='bbox 600 896 689 952; x_wconf 93' lang='lat' dir='ltr'><strong>quum</strong></span> <span class='ocrx_word' id='word_1_38' title='bbox 716 889 843 954; x_wconf 89' lang='lat' dir='ltr'><strong>tempore</strong></span> <span class='ocrx_word' id='word_1_39' title='bbox 871 879 942 955; x_wconf 84' lang='lat' dir='ltr'><strong>ipso,</strong></span> <span class='ocrx_word' id='word_1_40' title='bbox 967 882 1063 955; x_wconf 68' lang='lat' dir='ltr'><strong>quod</strong></span> 
     </span>
     <span class='ocr_line' id='line_1_7' title="bbox 113 969 1023 1048; baseline 0.007 -22"><span class='ocrx_word' id='word_1_41' title='bbox 113 971 292 1042; x_wconf 79' lang='lat' dir='ltr'><strong>studuerant,</strong></span> <span class='ocrx_word' id='word_1_42' title='bbox 303 969 511 1045; x_wconf 80' lang='lat' dir='ltr'><strong>pervenissent,</strong></span> <span class='ocrx_word' id='word_1_43' title='bbox 534 971 651 1028; x_wconf 88' lang='lat' dir='ltr'><strong>domum</strong></span> <span class='ocrx_word' id='word_1_44' title='bbox 672 971 817 1031; x_wconf 81' lang='lat' dir='ltr'><strong>Charonis</strong></span> <span class='ocrx_word' id='word_1_45' title='bbox 835 974 1023 1048; x_wconf 84' lang='lat' dir='ltr'><strong>devenerunt,</strong></span> 
     </span>
     <span class='ocr_line' id='line_1_8' title="bbox 113 1064 664 1139; baseline 0 -17"><span class='ocrx_word' id='word_1_46' title='bbox 113 1082 201 1139; x_wconf 84' lang='lat' dir='ltr'><strong>aquo</strong></span> <span class='ocrx_word' id='word_1_47' title='bbox 210 1074 239 1122; x_wconf 90' lang='lat' dir='ltr'><strong>et</strong></span> <span class='ocrx_word' id='word_1_48' title='bbox 251 1076 364 1139; x_wconf 86' lang='lat' dir='ltr'><strong>tempus</strong></span> <span class='ocrx_word' id='word_1_49' title='bbox 377 1074 407 1122; x_wconf 90' lang='lat' dir='ltr'><strong>et</strong></span> <span class='ocrx_word' id='word_1_50' title='bbox 420 1064 482 1121; x_wconf 87' lang='lat' dir='ltr'><strong>dies</strong></span> <span class='ocrx_word' id='word_1_51' title='bbox 496 1077 557 1122; x_wconf 88' lang='lat' dir='ltr'><strong>erat</strong></span> <span class='ocrx_word' id='word_1_52' title='bbox 572 1064 664 1123; x_wconf 87' lang='lat' dir='ltr'><strong>datus.</strong></span> 
     </span>
    </p>

    <p class='ocr_par' dir='ltr' id='par_1_3' title="bbox 152 1158 1025 1238">
     <span class='ocr_line' id='line_1_9' title="bbox 152 1158 1025 1238; baseline 0.003 -23"><span class='ocrx_word' id='word_1_53' title='bbox 152 1158 210 1215; x_wconf 90' lang='lat'><em>111.</em></span> <span class='ocrx_word' id='word_1_54' title='bbox 251 1159 318 1217; x_wconf 90' lang='lat' dir='ltr'><strong>Hoc</strong></span> <span class='ocrx_word' id='word_1_55' title='bbox 332 1160 397 1217; x_wconf 90' lang='lat' dir='ltr'><strong>loco</strong></span> <span class='ocrx_word' id='word_1_56' title='bbox 415 1159 485 1217; x_wconf 86' lang='lat' dir='ltr'><strong>libet</strong></span> <span class='ocrx_word' id='word_1_57' title='bbox 507 1159 699 1236; x_wconf 86' lang='lat' dir='ltr'><strong>interponere,</strong></span> <span class='ocrx_word' id='word_1_58' title='bbox 723 1161 778 1219; x_wconf 88' lang='lat' dir='ltr'><strong>etsi</strong></span> <span class='ocrx_word' id='word_1_59' title='bbox 802 1162 966 1238; x_wconf 89' lang='lat' dir='ltr'><strong>sejunctum</strong></span> <span class='ocrx_word' id='word_1_60' title='bbox 988 1163 1025 1220; x_wconf 83' lang='lat' dir='ltr'><strong>ab</strong></span> 
     </span>
    </p>

    <p class='ocr_par' dir='ltr' id='par_1_4' title="bbox 92 1254 1084 3035">
     <span class='ocr_line' id='line_1_10' title="bbox 92 1254 1023 1330; baseline 0.002 -18"><span class='ocrx_word' id='word_1_61' title='bbox 92 1287 95 1290; x_wconf 43' lang='lat'><strong>⁴</strong></span> <span class='ocrx_word' id='word_1_62' title='bbox 111 1272 143 1312; x_wconf 83' lang='lat' dir='ltr'><strong>re</strong></span> <span class='ocrx_word' id='word_1_63' title='bbox 156 1254 250 1330; x_wconf 70' lang='lat' dir='ltr'><strong>positi</strong></span> <span class='ocrx_word' id='word_1_64' title='bbox 264 1265 318 1326; x_wconf 88' lang='lat' dir='ltr'><strong>est,</strong></span> <span class='ocrx_word' id='word_1_65' title='bbox 333 1254 424 1310; x_wconf 84' lang='lat' dir='ltr'><strong>nimia</strong></span> <span class='ocrx_word' id='word_1_66' title='bbox 437 1254 545 1312; x_wconf 88' lang='lat' dir='ltr'><strong>fiducia</strong></span> <span class='ocrx_word' id='word_1_67' title='bbox 558 1267 673 1329; x_wconf 77' lang='lat' dir='ltr'><strong>quante</strong></span> <span class='ocrx_word' id='word_1_68' title='bbox 681 1256 839 1314; x_wconf 87' lang='lat' dir='ltr'><strong>calamitati</strong></span> <span class='ocrx_word' id='word_1_69' title='bbox 850 1257 940 1316; x_wconf 85' lang='lat' dir='ltr'><strong>soleat</strong></span> <span class='ocrx_word' id='word_1_70' title='bbox 950 1276 1023 1314; x_wconf 87' lang='lat' dir='ltr'><strong>esse.</strong></span> 
     </span>
     <span class='ocr_line' id='line_1_11' title="bbox 112 1347 1084 1428; baseline 0.003 -22"><span class='ocrx_word' id='word_1_71' title='bbox 112 1348 188 1406; x_wconf 86' lang='lat' dir='ltr'><strong>Nam</strong></span> <span class='ocrx_word' id='word_1_72' title='bbox 203 1347 423 1423; x_wconf 85' lang='lat' dir='ltr'><strong>magistratuum</strong></span> <span class='ocrx_word' id='word_1_73' title='bbox 437 1347 647 1406; x_wconf 84' lang='lat' dir='ltr'><strong>Thebanorum</strong></span> <span class='ocrx_word' id='word_1_74' title='bbox 668 1350 765 1408; x_wconf 89' lang='lat' dir='ltr'><strong>statim</strong></span> <span class='ocrx_word' id='word_1_75' title='bbox 793 1352 830 1408; x_wconf 86' lang='lat' dir='ltr'><strong>ad</strong></span> <span class='ocrx_word' id='word_1_76' title='bbox 853 1370 937 1410; x_wconf 87' lang='lat' dir='ltr'><strong>aures</strong></span> <span class='ocrx_word' id='word_1_77' title='bbox 962 1371 1025 1428; x_wconf 87' lang='lat' dir='ltr'><strong>per·</strong></span> <span class='ocrx_word' id='word_1_78' title='bbox 1047 1353 1084 1409; x_wconf 90' lang='lat'><strong>10</strong></span> 
     </span>
     <span class='ocr_line' id='line_1_12' title="bbox 110 1443 1024 1523; baseline 0.007 -25"><span class='ocrx_word' id='word_1_79' title='bbox 110 1443 200 1514; x_wconf 77' lang='lat' dir='ltr'><strong>venit,</strong></span> <span class='ocrx_word' id='word_1_80' title='bbox 214 1443 314 1500; x_wconf 85' lang='lat' dir='ltr'><strong>exules</strong></span> <span class='ocrx_word' id='word_1_81' title='bbox 328 1443 358 1499; x_wconf 91' lang='lat' dir='ltr'><strong>in</strong></span> <span class='ocrx_word' id='word_1_82' title='bbox 373 1443 474 1500; x_wconf 90' lang='lat' dir='ltr'><strong>urbem</strong></span> <span class='ocrx_word' id='word_1_83' title='bbox 488 1444 649 1501; x_wconf 85' lang='lat' dir='ltr'><strong>devenisse.</strong></span> <span class='ocrx_word' id='word_1_84' title='bbox 691 1445 727 1502; x_wconf 94' lang='lat' dir='ltr'><strong>Id</strong></span> <span class='ocrx_word' id='word_1_85' title='bbox 736 1445 789 1519; x_wconf 91' lang='lat' dir='ltr'><strong>illi,</strong></span> <span class='ocrx_word' id='word_1_86' title='bbox 801 1447 868 1505; x_wconf 85' lang='lat' dir='ltr'><strong>vino</strong></span> <span class='ocrx_word' id='word_1_87' title='bbox 876 1447 1024 1523; x_wconf 88' lang='lat' dir='ltr'><strong>epulisque</strong></span> 
     </span>
     <span class='ocr_line' id='line_1_13' title="bbox 110 1536 1025 1616; baseline 0.004 -21"><span class='ocrx_word' id='word_1_88' title='bbox 110 1537 213 1609; x_wconf 90' lang='lat' dir='ltr'><strong>dediti,</strong></span> <span class='ocrx_word' id='word_1_89' title='bbox 230 1556 319 1612; x_wconf 85' lang='lat' dir='ltr'><strong>usque</strong></span> <span class='ocrx_word' id='word_1_90' title='bbox 336 1536 372 1594; x_wconf 82' lang='lat' dir='ltr'><strong>ed</strong></span> <span class='ocrx_word' id='word_1_91' title='bbox 386 1539 589 1614; x_wconf 85' lang='lat' dir='ltr'><strong>despexerunt,</strong></span> <span class='ocrx_word' id='word_1_92' title='bbox 604 1551 687 1597; x_wconf 89' lang='lat' dir='ltr'><strong>utne</strong></span> <span class='ocrx_word' id='word_1_93' title='bbox 701 1559 828 1614; x_wconf 76' lang='lat' dir='ltr'><strong>quarere</strong></span> <span class='ocrx_word' id='word_1_94' title='bbox 850 1543 966 1616; x_wconf 90' lang='lat' dir='ltr'><strong>quidem</strong></span> <span class='ocrx_word' id='word_1_95' title='bbox 988 1543 1025 1599; x_wconf 87' lang='lat' dir='ltr'><strong>de</strong></span> 
     </span>
     <span class='ocr_line' id='line_1_14' title="bbox 111 1632 1025 1710; baseline 0 -19"><span class='ocrx_word' id='word_1_96' title='bbox 111 1633 193 1691; x_wconf 66' lang='lat' dir='ltr'><strong>tanti</strong></span> <span class='ocrx_word' id='word_1_97' title='bbox 207 1651 238 1689; x_wconf 85' lang='lat' dir='ltr'><strong>re</strong></span> <span class='ocrx_word' id='word_1_98' title='bbox 252 1632 418 1690; x_wconf 64' lang='lat' dir='ltr'><strong>laborarint.</strong></span> <span class='ocrx_word' id='word_1_99' title='bbox 461 1633 597 1690; x_wconf 77' lang='lat' dir='ltr'><strong>Accessit</strong></span> <span class='ocrx_word' id='word_1_100' title='bbox 610 1633 708 1705; x_wconf 84' lang='lat' dir='ltr'><strong>etiam,</strong></span> <span class='ocrx_word' id='word_1_101' title='bbox 722 1635 798 1708; x_wconf 90' lang='lat' dir='ltr'><strong>quod</strong></span> <span class='ocrx_word' id='word_1_102' title='bbox 820 1635 913 1709; x_wconf 84' lang='lat' dir='ltr'><strong>magis</strong></span> <span class='ocrx_word' id='word_1_103' title='bbox 935 1636 1025 1710; x_wconf 89' lang='lat' dir='ltr'><strong>aperi·</strong></span> 
     </span>
     <span class='ocr_line' id='line_1_15' title="bbox 112 1728 1026 1805; baseline 0.002 -19"><span class='ocrx_word' id='word_1_104' title='bbox 112 1739 156 1786; x_wconf 90' lang='lat' dir='ltr'><strong>ret</strong></span> <span class='ocrx_word' id='word_1_105' title='bbox 168 1747 269 1785; x_wconf 90' lang='lat' dir='ltr'><strong>eorum</strong></span> <span class='ocrx_word' id='word_1_106' title='bbox 283 1728 468 1786; x_wconf 87' lang='lat' dir='ltr'><strong>dementiam.</strong></span> <span class='ocrx_word' id='word_1_107' title='bbox 511 1728 611 1786; x_wconf 85' lang='lat' dir='ltr'><strong>Allata</strong></span> <span class='ocrx_word' id='word_1_108' title='bbox 624 1741 668 1787; x_wconf 89' lang='lat' dir='ltr'><strong>est</strong></span> <span class='ocrx_word' id='word_1_109' title='bbox 682 1731 759 1786; x_wconf 86' lang='lat' dir='ltr'><strong>enim</strong></span> <span class='ocrx_word' id='word_1_110' title='bbox 769 1730 889 1805; x_wconf 86' lang='lat' dir='ltr'><strong>epistola</strong></span> <span class='ocrx_word' id='word_1_111' title='bbox 900 1731 1026 1789; x_wconf 84' lang='lat' dir='ltr'><strong>Athenis</strong></span> 
     </span>
     <span class='ocr_line' id='line_1_16' title="bbox 112 1822 1084 1899; baseline 0.005 -19"><span class='ocrx_word' id='word_1_112' title='bbox 112 1822 150 1880; x_wconf 77' lang='lat' dir='ltr'><strong>ab</strong></span> <span class='ocrx_word' id='word_1_113' title='bbox 173 1823 285 1880; x_wconf 80' lang='lat' dir='ltr'><strong>Archid</strong></span> <span class='ocrx_word' id='word_1_114' title='bbox 312 1823 510 1899; x_wconf 88' lang='lat' dir='ltr'><strong>hierophante,</strong></span> <span class='ocrx_word' id='word_1_115' title='bbox 536 1823 665 1897; x_wconf 77' lang='lat' dir='ltr'><strong>Archiae,</strong></span> <span class='ocrx_word' id='word_1_116' title='bbox 690 1824 740 1899; x_wconf 90' lang='lat' dir='ltr'><strong>qui</strong></span> <span class='ocrx_word' id='word_1_117' title='bbox 774 1837 836 1883; x_wconf 90' lang='lat' dir='ltr'><strong>turn</strong></span> <span class='ocrx_word' id='word_1_118' title='bbox 867 1826 1024 1884; x_wconf 85' lang='lat' dir='ltr'><strong>maximum</strong></span> <span class='ocrx_word' id='word_1_119' title='bbox 1047 1829 1084 1885; x_wconf 85' lang='lat'><strong>15</strong></span> 
     </span>
     <span class='ocr_line' id='line_1_17' title="bbox 112 1917 1025 1998; baseline 0.005 -24"><span class='ocrx_word' id='word_1_120' title='bbox 112 1917 311 1993; x_wconf 86' lang='lat' dir='ltr'><strong>magistratum</strong></span> <span class='ocrx_word' id='word_1_121' title='bbox 325 1917 439 1975; x_wconf 89' lang='lat' dir='ltr'><strong>Thebis</strong></span> <span class='ocrx_word' id='word_1_122' title='bbox 452 1918 611 1991; x_wconf 85' lang='lat' dir='ltr'><strong>obtinebat,</strong></span> <span class='ocrx_word' id='word_1_123' title='bbox 626 1919 656 1976; x_wconf 95' lang='lat' dir='ltr'><strong>in</strong></span> <span class='ocrx_word' id='word_1_124' title='bbox 671 1919 840 1994; x_wconf 69' lang='lat' dir='ltr'><strong>quaomnia</strong></span> <span class='ocrx_word' id='word_1_125' title='bbox 860 1922 897 1979; x_wconf 85' lang='lat' dir='ltr'><strong>de</strong></span> <span class='ocrx_word' id='word_1_126' title='bbox 914 1922 1025 1998; x_wconf 84' lang='lat' dir='ltr'><strong>prolec-</strong></span> 
     </span>
     <span class='ocr_line' id='line_1_18' title="bbox 112 2011 1026 2092; baseline 0.008 -24"><span class='ocrx_word' id='word_1_127' title='bbox 112 2011 190 2069; x_wconf 88' lang='lat' dir='ltr'><strong>tione</strong></span> <span class='ocrx_word' id='word_1_128' title='bbox 201 2014 318 2070; x_wconf 89' lang='lat' dir='ltr'><strong>exulum</strong></span> <span class='ocrx_word' id='word_1_129' title='bbox 341 2013 502 2088; x_wconf 88' lang='lat' dir='ltr'><strong>perscripta</strong></span> <span class='ocrx_word' id='word_1_130' title='bbox 524 2025 616 2072; x_wconf 86' lang='lat' dir='ltr'><strong>erant.</strong></span> <span class='ocrx_word' id='word_1_131' title='bbox 657 2015 735 2076; x_wconf 78' lang='lat' dir='ltr'><strong>Quae</strong></span> <span class='ocrx_word' id='word_1_132' title='bbox 748 2034 837 2090; x_wconf 91' lang='lat' dir='ltr'><strong>quum</strong></span> <span class='ocrx_word' id='word_1_133' title='bbox 855 2017 915 2092; x_wconf 84' lang='lat' dir='ltr'><strong>jam</strong></span> <span class='ocrx_word' id='word_1_134' title='bbox 940 2036 1026 2074; x_wconf 91' lang='lat' dir='ltr'><strong>accu-</strong></span> 
     </span>
     <span class='ocr_line' id='line_1_19' title="bbox 113 2105 1025 2186; baseline 0.007 -23"><span class='ocrx_word' id='word_1_135' title='bbox 113 2105 192 2164; x_wconf 85' lang='lat' dir='ltr'><strong>banti</strong></span> <span class='ocrx_word' id='word_1_136' title='bbox 207 2108 237 2165; x_wconf 89' lang='lat' dir='ltr'><strong>in</strong></span> <span class='ocrx_word' id='word_1_137' title='bbox 251 2106 383 2165; x_wconf 77' lang='lat' dir='ltr'><strong>convivio</strong></span> <span class='ocrx_word' id='word_1_138' title='bbox 407 2118 483 2165; x_wconf 88' lang='lat' dir='ltr'><strong>esset</strong></span> <span class='ocrx_word' id='word_1_139' title='bbox 509 2108 587 2181; x_wconf 87' lang='lat' dir='ltr'><strong>data,</strong></span> <span class='ocrx_word' id='word_1_140' title='bbox 612 2109 688 2167; x_wconf 88' lang='lat' dir='ltr'><strong>sicut</strong></span> <span class='ocrx_word' id='word_1_141' title='bbox 711 2121 783 2182; x_wconf 87' lang='lat' dir='ltr'><strong>erat,</strong></span> <span class='ocrx_word' id='word_1_142' title='bbox 806 2110 949 2186; x_wconf 82' lang='lat' dir='ltr'><strong>signatam</strong></span> <span class='ocrx_word' id='word_1_143' title='bbox 971 2113 1025 2169; x_wconf 90' lang='lat' dir='ltr'><strong>sub</strong></span> 
     </span>
     <span class='ocr_line' id='line_1_20' title="bbox 111 2201 1023 2282; baseline 0.003 -22"><span class='ocrx_word' id='word_1_144' title='bbox 111 2202 260 2279; x_wconf 85' lang='lat' dir='ltr'><strong>pulvinum</strong></span> <span class='ocrx_word' id='word_1_145' title='bbox 287 2201 456 2278; x_wconf 84' lang='lat' dir='ltr'><strong>subjiciens,</strong></span> <span class='ocrx_word' id='word_1_146' title='bbox 483 2204 704 2276; x_wconf 76' lang='lat' dir='ltr'><strong>incrastinum,</strong></span> <span class='ocrx_word' id='word_1_147' title='bbox 729 2204 832 2280; x_wconf 93' lang='lat' dir='ltr'><strong>inquit,</strong></span> <span class='ocrx_word' id='word_1_148' title='bbox 857 2205 958 2282; x_wconf 81' lang='lat' dir='ltr'><strong>differo</strong></span> <span class='ocrx_word' id='word_1_149' title='bbox 980 2226 1023 2264; x_wconf 85' lang='lat' dir='ltr'><strong>res</strong></span> 
     </span>
     <span class='ocr_line' id='line_1_21' title="bbox 111 2282 1083 2376; baseline 0.007 -22"><span class='ocrx_word' id='word_1_150' title='bbox 111 2314 230 2354; x_wconf 76' lang='lat' dir='ltr'><strong>meras.</strong></span> <span class='ocrx_word' id='word_1_151' title='bbox 273 2296 316 2354; x_wconf 90' lang='lat' dir='ltr'><strong>At</strong></span> <span class='ocrx_word' id='word_1_152' title='bbox 341 2296 383 2354; x_wconf 89' lang='lat' dir='ltr'><strong>illi</strong></span> <span class='ocrx_word' id='word_1_153' title='bbox 409 2315 520 2370; x_wconf 89' lang='lat' dir='ltr'><strong>omnes,</strong></span> <span class='ocrx_word' id='word_1_154' title='bbox 547 2317 636 2372; x_wconf 91' lang='lat' dir='ltr'><strong>quum</strong></span> <span class='ocrx_word' id='word_1_155' title='bbox 658 2298 719 2375; x_wconf 86' lang='lat' dir='ltr'><strong>jam</strong></span> <span class='ocrx_word' id='word_1_156' title='bbox 745 2282 1023 2376; x_wconf 80' lang='lat' dir='ltr'><strong>noxprocessisset,</strong></span> <span class='ocrx_word' id='word_1_157' title='bbox 1042 2303 1083 2361; x_wconf 69' lang='lat'><strong>2⁰</strong></span> 
     </span>
     <span class='ocr_line' id='line_1_22' title="bbox 112 2390 1021 2469; baseline 0.006 -21"><span class='ocrx_word' id='word_1_158' title='bbox 112 2390 259 2463; x_wconf 77' lang='lat' dir='ltr'><strong>vinolenti,</strong></span> <span class='ocrx_word' id='word_1_159' title='bbox 275 2391 311 2448; x_wconf 94' lang='lat' dir='ltr'><strong>ab</strong></span> <span class='ocrx_word' id='word_1_160' title='bbox 335 2392 478 2464; x_wconf 90' lang='lat' dir='ltr'><strong>exulibus,</strong></span> <span class='ocrx_word' id='word_1_161' title='bbox 503 2393 578 2450; x_wconf 86' lang='lat' dir='ltr'><strong>duce</strong></span> <span class='ocrx_word' id='word_1_162' title='bbox 602 2393 751 2469; x_wconf 74' lang='lat' dir='ltr'><strong>Pelopidis,</strong></span> <span class='ocrx_word' id='word_1_163' title='bbox 776 2407 845 2453; x_wconf 91' lang='lat' dir='ltr'><strong>sunt</strong></span> <span class='ocrx_word' id='word_1_164' title='bbox 865 2396 1021 2454; x_wconf 83' lang='lat' dir='ltr'><strong>interlecti.</strong></span> 
     </span>
     <span class='ocr_line' id='line_1_23' title="bbox 110 2485 1024 2566; baseline 0.005 -24"><span class='ocrx_word' id='word_1_165' title='bbox 110 2485 229 2548; x_wconf 76' lang='lat' dir='ltr'><strong>Quibus</strong></span> <span class='ocrx_word' id='word_1_166' title='bbox 251 2486 338 2543; x_wconf 75' lang='lat' dir='ltr'><strong>rebus</strong></span> <span class='ocrx_word' id='word_1_167' title='bbox 360 2487 511 2560; x_wconf 88' lang='lat' dir='ltr'><strong>conlectis,</strong></span> <span class='ocrx_word' id='word_1_168' title='bbox 536 2488 622 2564; x_wconf 84' lang='lat' dir='ltr'><strong>vulgo</strong></span> <span class='ocrx_word' id='word_1_169' title='bbox 646 2491 683 2546; x_wconf 90' lang='lat' dir='ltr'><strong>ad</strong></span> <span class='ocrx_word' id='word_1_170' title='bbox 705 2508 785 2548; x_wconf 87' lang='lat' dir='ltr'><strong>arma</strong></span> <span class='ocrx_word' id='word_1_171' title='bbox 806 2490 1024 2566; x_wconf 82' lang='lat' dir='ltr'><strong>libertatemque</strong></span> 
     </span>
     <span class='ocr_line' id='line_1_24' title="bbox 112 2580 1023 2658; baseline 0.003 -21"><span class='ocrx_word' id='word_1_172' title='bbox 112 2593 222 2653; x_wconf 82' lang='lat' dir='ltr'><strong>vocato,</strong></span> <span class='ocrx_word' id='word_1_173' title='bbox 237 2600 296 2639; x_wconf 91' lang='lat' dir='ltr'><strong>non</strong></span> <span class='ocrx_word' id='word_1_174' title='bbox 310 2580 404 2639; x_wconf 79' lang='lat' dir='ltr'><strong>solum</strong></span> <span class='ocrx_word' id='word_1_175' title='bbox 414 2580 464 2656; x_wconf 90' lang='lat' dir='ltr'><strong>qui</strong></span> <span class='ocrx_word' id='word_1_176' title='bbox 479 2583 509 2639; x_wconf 93' lang='lat' dir='ltr'><strong>in</strong></span> <span class='ocrx_word' id='word_1_177' title='bbox 523 2583 595 2640; x_wconf 89' lang='lat' dir='ltr'><strong>urbe</strong></span> <span class='ocrx_word' id='word_1_178' title='bbox 609 2594 702 2656; x_wconf 88' lang='lat' dir='ltr'><strong>erant,</strong></span> <span class='ocrx_word' id='word_1_179' title='bbox 717 2584 767 2640; x_wconf 87' lang='lat' dir='ltr'><strong>sed</strong></span> <span class='ocrx_word' id='word_1_180' title='bbox 783 2583 870 2642; x_wconf 86' lang='lat' dir='ltr'><strong>etiam</strong></span> <span class='ocrx_word' id='word_1_181' title='bbox 895 2584 1023 2658; x_wconf 85' lang='lat' dir='ltr'><strong>undique</strong></span> 
     </span>
     <span class='ocr_line' id='line_1_25' title="bbox 110 2676 1020 2753; baseline 0.003 -21"><span class='ocrx_word' id='word_1_182' title='bbox 110 2693 147 2733; x_wconf 87' lang='lat' dir='ltr'><strong>ex</strong></span> <span class='ocrx_word' id='word_1_183' title='bbox 160 2676 238 2751; x_wconf 80' lang='lat' dir='ltr'><strong>agris</strong></span> <span class='ocrx_word' id='word_1_184' title='bbox 248 2688 467 2748; x_wconf 85' lang='lat' dir='ltr'><strong>concurrerunt,</strong></span> <span class='ocrx_word' id='word_1_185' title='bbox 486 2677 652 2753; x_wconf 74' lang='lat' dir='ltr'><strong>presidium</strong></span> <span class='ocrx_word' id='word_1_186' title='bbox 677 2678 964 2737; x_wconf 81' lang='lat' dir='ltr'><strong>Lacedaemoniorum</strong></span> <span class='ocrx_word' id='word_1_187' title='bbox 983 2698 1020 2735; x_wconf 88' lang='lat' dir='ltr'><strong>ex</strong></span> 
     </span>
     <span class='ocr_line' id='line_1_26' title="bbox 112 2770 1083 2846; baseline 0.003 -19"><span class='ocrx_word' id='word_1_188' title='bbox 112 2787 177 2828; x_wconf 79' lang='lat' dir='ltr'><strong>arce</strong></span> <span class='ocrx_word' id='word_1_189' title='bbox 190 2770 374 2846; x_wconf 86' lang='lat' dir='ltr'><strong>pepulerunt,</strong></span> <span class='ocrx_word' id='word_1_190' title='bbox 387 2771 509 2846; x_wconf 84' lang='lat' dir='ltr'><strong>patriam</strong></span> <span class='ocrx_word' id='word_1_191' title='bbox 522 2772 673 2830; x_wconf 87' lang='lat' dir='ltr'><strong>obsidione</strong></span> <span class='ocrx_word' id='word_1_192' title='bbox 698 2773 903 2845; x_wconf 81' lang='lat' dir='ltr'><strong>liberaverunt,</strong></span> <span class='ocrx_word' id='word_1_193' title='bbox 926 2784 1023 2830; x_wconf 81' lang='lat' dir='ltr'><strong>aucto·</strong></span> <span class='ocrx_word' id='word_1_194' title='bbox 1042 2773 1083 2830; x_wconf 79' lang='lat'><strong>25</strong></span> 
     </span>
     <span class='ocr_line' id='line_1_27' title="bbox 110 2865 1022 2943; baseline 0.001 -21"><span class='ocrx_word' id='word_1_195' title='bbox 110 2882 156 2922; x_wconf 87' lang='lat' dir='ltr'><strong>res</strong></span> <span class='ocrx_word' id='word_1_196' title='bbox 169 2865 309 2922; x_wconf 76' lang='lat' dir='ltr'><strong>Cadmeo</strong></span> <span class='ocrx_word' id='word_1_197' title='bbox 329 2867 509 2941; x_wconf 71' lang='lat' dir='ltr'><strong>occupandas</strong></span> <span class='ocrx_word' id='word_1_198' title='bbox 530 2867 637 2942; x_wconf 87' lang='lat' dir='ltr'><strong>partim</strong></span> <span class='ocrx_word' id='word_1_199' title='bbox 662 2867 843 2940; x_wconf 87' lang='lat' dir='ltr'><strong>occiderunt,</strong></span> <span class='ocrx_word' id='word_1_200' title='bbox 867 2867 971 2943; x_wconf 88' lang='lat' dir='ltr'><strong>partim</strong></span> <span class='ocrx_word' id='word_1_201' title='bbox 994 2867 1022 2923; x_wconf 95' lang='lat' dir='ltr'><strong>in</strong></span> 
     </span>
     <span class='ocr_line' id='line_1_28' title="bbox 111 2960 402 3035; baseline 0.003 -19"><span class='ocrx_word' id='word_1_202' title='bbox 111 2960 229 3017; x_wconf 86' lang='lat' dir='ltr'><strong>exilium</strong></span> <span class='ocrx_word' id='word_1_203' title='bbox 243 2960 402 3035; x_wconf 87' lang='lat' dir='ltr'><strong>ejecerunt.</strong></span> 
     </span>
    </p>

    <p class='ocr_par' dir='ltr' id='par_1_5' title="bbox 110 3052 1083 3604">
     <span class='ocr_line' id='line_1_29' title="bbox 148 3052 1022 3130; baseline -0.001 -19"><span class='ocrx_word' id='word_1_204' title='bbox 148 3054 202 3111; x_wconf 90' lang='lat' dir='ltr'><strong>IV.</strong></span> <span class='ocrx_word' id='word_1_205' title='bbox 244 3053 311 3112; x_wconf 91' lang='lat' dir='ltr'><strong>Hoc</strong></span> <span class='ocrx_word' id='word_1_206' title='bbox 324 3066 383 3113; x_wconf 88' lang='lat' dir='ltr'><strong>tam</strong></span> <span class='ocrx_word' id='word_1_207' title='bbox 397 3055 512 3114; x_wconf 91' lang='lat' dir='ltr'><strong>turbido</strong></span> <span class='ocrx_word' id='word_1_208' title='bbox 524 3067 663 3130; x_wconf 89' lang='lat' dir='ltr'><strong>tempore,</strong></span> <span class='ocrx_word' id='word_1_209' title='bbox 678 3052 849 3130; x_wconf 77' lang='lat' dir='ltr'><strong>sicutsuprd</strong></span> <span class='ocrx_word' id='word_1_210' title='bbox 861 3053 1022 3127; x_wconf 88' lang='lat' dir='ltr'><strong>docuimus,</strong></span> 
     </span>
     <span class='ocr_line' id='line_1_30' title="bbox 111 3147 1023 3225; baseline -0.001 -18"><span class='ocrx_word' id='word_1_211' title='bbox 111 3147 339 3225; x_wconf 79' lang='lat' dir='ltr'><strong>Epaminondas,</strong></span> <span class='ocrx_word' id='word_1_212' title='bbox 360 3151 453 3224; x_wconf 87' lang='lat' dir='ltr'><strong>quoad</strong></span> <span class='ocrx_word' id='word_1_213' title='bbox 480 3169 547 3210; x_wconf 90' lang='lat' dir='ltr'><strong>cum</strong></span> <span class='ocrx_word' id='word_1_214' title='bbox 562 3149 673 3207; x_wconf 79' lang='lat' dir='ltr'><strong>civibus</strong></span> <span class='ocrx_word' id='word_1_215' title='bbox 694 3149 863 3208; x_wconf 87' lang='lat' dir='ltr'><strong>dimicatum</strong></span> <span class='ocrx_word' id='word_1_216' title='bbox 877 3160 931 3222; x_wconf 92' lang='lat' dir='ltr'><strong>est,</strong></span> <span class='ocrx_word' id='word_1_217' title='bbox 946 3150 1023 3207; x_wconf 91' lang='lat' dir='ltr'><strong>domi</strong></span> 
     </span>
     <span class='ocr_line' id='line_1_31' title="bbox 110 3243 1083 3322; baseline 0.003 -21"><span class='ocrx_word' id='word_1_218' title='bbox 110 3244 223 3320; x_wconf 89' lang='lat' dir='ltr'><strong>quietus</strong></span> <span class='ocrx_word' id='word_1_219' title='bbox 239 3243 301 3302; x_wconf 85' lang='lat' dir='ltr'><strong>fuit.</strong></span> <span class='ocrx_word' id='word_1_220' title='bbox 343 3243 445 3319; x_wconf 88' lang='lat' dir='ltr'><strong>Itaque</strong></span> <span class='ocrx_word' id='word_1_221' title='bbox 460 3246 522 3302; x_wconf 82' lang='lat' dir='ltr'><strong>haec</strong></span> <span class='ocrx_word' id='word_1_222' title='bbox 536 3245 750 3303; x_wconf 84' lang='lat' dir='ltr'><strong>liberandarum</strong></span> <span class='ocrx_word' id='word_1_223' title='bbox 775 3245 946 3303; x_wconf 87' lang='lat' dir='ltr'><strong>Thebarum</strong></span> <span class='ocrx_word' id='word_1_224' title='bbox 961 3266 1023 3322; x_wconf 89' lang='lat' dir='ltr'><strong>pro-</strong></span> <span class='ocrx_word' id='word_1_225' title='bbox 1043 3247 1083 3304; x_wconf 85' lang='lat'><strong>30</strong></span> 
     </span>
     <span class='ocr_line' id='line_1_32' title="bbox 111 3337 1024 3415; baseline 0.002 -19"><span class='ocrx_word' id='word_1_226' title='bbox 111 3337 171 3415; x_wconf 85' lang='lat' dir='ltr'><strong>pria</strong></span> <span class='ocrx_word' id='word_1_227' title='bbox 193 3339 258 3396; x_wconf 88' lang='lat' dir='ltr'><strong>laus</strong></span> <span class='ocrx_word' id='word_1_228' title='bbox 272 3349 316 3395; x_wconf 90' lang='lat' dir='ltr'><strong>est</strong></span> <span class='ocrx_word' id='word_1_229' title='bbox 330 3337 491 3414; x_wconf 87' lang='lat' dir='ltr'><strong>Pelopidae:</strong></span> <span class='ocrx_word' id='word_1_230' title='bbox 514 3350 625 3397; x_wconf 81' lang='lat' dir='ltr'><strong>caeterae</strong></span> <span class='ocrx_word' id='word_1_231' title='bbox 648 3338 708 3398; x_wconf 74' lang='lat' dir='ltr'><strong>ferd</strong></span> <span class='ocrx_word' id='word_1_232' title='bbox 729 3359 830 3398; x_wconf 90' lang='lat' dir='ltr'><strong>omnes</strong></span> <span class='ocrx_word' id='word_1_233' title='bbox 855 3360 1024 3399; x_wconf 88' lang='lat' dir='ltr'><strong>communes</strong></span> 
     </span>
     <span class='ocr_line' id='line_1_33' title="bbox 111 3432 1024 3512; baseline 0 -21"><span class='ocrx_word' id='word_1_234' title='bbox 111 3451 176 3491; x_wconf 79' lang='lat' dir='ltr'><strong>curn</strong></span> <span class='ocrx_word' id='word_1_235' title='bbox 190 3432 403 3509; x_wconf 70' lang='lat' dir='ltr'><strong>Epaminonda.</strong></span> <span class='ocrx_word' id='word_1_236' title='bbox 445 3433 580 3509; x_wconf 85' lang='lat' dir='ltr'><strong>Namque</strong></span> <span class='ocrx_word' id='word_1_237' title='bbox 594 3434 750 3493; x_wconf 72' lang='lat' dir='ltr'><strong>Leuctrica</strong></span> <span class='ocrx_word' id='word_1_238' title='bbox 768 3436 877 3512; x_wconf 70' lang='lat' dir='ltr'><strong>pugna,</strong></span> <span class='ocrx_word' id='word_1_239' title='bbox 904 3435 1024 3512; x_wconf 89' lang='lat' dir='ltr'><strong>impera-</strong></span> 
     </span>
     <span class='ocr_line' id='line_1_34' title="bbox 111 3526 1022 3604; baseline 0 -18"><span class='ocrx_word' id='word_1_240' title='bbox 111 3536 170 3586; x_wconf 80' lang='lat' dir='ltr'><strong>tore</strong></span> <span class='ocrx_word' id='word_1_241' title='bbox 197 3526 413 3604; x_wconf 72' lang='lat' dir='ltr'><strong>Epaminondd,</strong></span> <span class='ocrx_word' id='word_1_242' title='bbox 441 3527 491 3588; x_wconf 89' lang='lat' dir='ltr'><strong>hic</strong></span> <span class='ocrx_word' id='word_1_243' title='bbox 514 3528 569 3589; x_wconf 88' lang='lat' dir='ltr'><strong>fuit</strong></span> <span class='ocrx_word' id='word_1_244' title='bbox 591 3530 652 3588; x_wconf 88' lang='lat' dir='ltr'><strong>dux</strong></span> <span class='ocrx_word' id='word_1_245' title='bbox 677 3528 798 3591; x_wconf 82' lang='lat' dir='ltr'><strong>delecte</strong></span> <span class='ocrx_word' id='word_1_246' title='bbox 821 3529 935 3602; x_wconf 76' lang='lat' dir='ltr'><strong>manius,</strong></span> <span class='ocrx_word' id='word_1_247' title='bbox 959 3547 1022 3604; x_wconf 85' lang='lat' dir='ltr'><strong>quae</strong></span> 
     </span>
    </p>
   </div>
   <div class='ocr_carea' id='block_1_3' title="bbox 0 0 1200 4132">
    <p class='ocr_par' dir='ltr' id='par_1_6' title="bbox 0 0 1200 4132">
     <span class='ocr_line' id='line_1_35' title="bbox 0 0 1200 4132; baseline 0 0"><span class='ocrx_word' id='word_1_248' title='bbox 0 0 1200 4132; x_wconf 95' lang='lat' dir='ltr'><strong> </strong></span> 
     </span>
    </p>
   </div>
  </div>
 </body>
</html>
