2392 4132
494 336 690 389 naumann
1063 332 1105 395 ut

131 492 330 552 Hannibalem
350 492 431 553 tantd
451 495 617 571 praestitisse
638 507 758 555 caeteros
778 501 964 572 imperatores
979 516 1045 575 pru·

50 611 58 628 ν
130 587 239 661 dentid,
254 586 362 664 quanto
386 591 508 666 populus
531 591 685 650 Romanus
709 592 862 650 antecedat
876 592 1043 653 fortitudine

130 695 252 742 cunctas
276 685 417 743 nationes.
469 685 547 743 Nam
569 687 806 762 quotiescumque
830 707 898 745 cum
919 707 955 747 eo
976 708 1045 747 con·

129 798 246 855 gressus
259 790 304 837 est
318 779 348 837 in
369 779 464 853 Italid,
486 800 599 857 semper
619 781 753 839 discessit
773 781 910 857 superior.
951 781 1043 845 Quod

129 873 186 931 nisi
200 873 278 932 domi
296 874 404 931 civium
424 893 541 933 suorum
561 875 670 933 invidiis
691 876 857 934 debilitatus
877 888 964 950 esset,
983 877 1083 939 Ito-5

129 987 230 1027 manos
257 969 402 1027 videretur
434 989 570 1046 superare
602 971 739 1047 potuisse.
794 972 853 1028 Sed
887 973 1043 1032 multorum

129 1063 300 1122 obtrectatio
325 1064 432 1123 devicit
452 1065 539 1123 unius
559 1066 701 1123 virtutem.
753 1065 813 1124 Hic
838 1077 937 1132 ‚autem
965 1067 1043 1126 velut

129 1158 289 1216 hereditate
303 1159 437 1216 relictum
452 1159 552 1218 odium
565 1171 718 1236 paternum
737 1180 808 1237 erga
828 1161 979 1220 Romanos
999 1161 1042 1220 sic
1145 1160 1147 1164 ⁸

129 1253 319 1327 confirmavit,
334 1265 367 1312 ut
379 1252 459 1329 priris
480 1254 616 1328 animam,
630 1253 717 1330 qudm
732 1255 771 1327 id,
786 1255 969 1331 deposuerit:
991 1275 1041 1333 qur

127 1349 254 1425 quidem,
269 1369 358 1425 quum
371 1350 464 1426 patrii
475 1352 575 1426 pulsus
589 1363 675 1425 esset,
686 1364 716 1411 et
728 1352 887 1411 alienarum
896 1372 984 1430 opum
998 1354 1042 1413 in·
1063 1355 1100 1421 10

127 1444 249 1520 digeret,
263 1464 411 1520 nunquam
425 1446 567 1504 destiterit
582 1446 678 1505 animo
687 1448 794 1505 bellare
807 1467 874 1506 cum
887 1449 1039 1509 Romanis

167 1539 208 1596 ΙΙ.
250 1538 328 1597 Nam
349 1551 381 1598 ut
399 1541 530 1600 omittam
551 1542 727 1618 Philippum,
740 1562 826 1618 quem
848 1544 952 1601 absens
977 1545 1041 1602 hos-

127 1645 186 1692 tem
200 1634 326 1693 reddidit
347 1635 507 1706 Romanis3
529 1637 658 1694 omniurn
679 1636 725 1694 bis
745 1636 921 1713 temporibus
941 1649 1040 1712 poten-

127 1728 255 1786 tissimus
281 1748 333 1787 rex
361 1730 526 1789 Antiochus
553 1731 615 1789 fuit.
658 1724 856 1791 Hunetantt
881 1731 1039 1808 cupiditate

126 1823 258 1883 incendit
277 1824 416 1896 bellandi,
430 1836 462 1883 ut
483 1845 572 1901 usque
587 1845 605 1882 a
617 1826 704 1884 rubro
724 1825 797 1883 mari
818 1845 897 1885 arma
917 1838 1039 1885 conatus
1060 1829 1098 1887 15

126 1921 164 1981 sit
175 1922 281 1980 inferre
301 1922 403 1981 Italiae.
445 1924 493 1981 Ad
514 1942 599 1998 quem
613 1942 701 1999 quum
715 1923 804 2000 legati
817 1922 965 1982 venissent
978 1924 1039 1983 Rc-

126 2017 216 2090 mani,
242 2017 292 2092 qui
319 2018 355 2074 de
383 2017 447 2094 ejus
477 2019 623 2077 voluntate
653 2019 845 2093 explorarent,
879 2018 1038 2094 darentque

124 2135 242 2192 operam
256 2115 386 2174 consiliis
406 2115 604 2189 clandestinis,
626 2126 658 2174 ut
678 2115 875 2173 Hannibalem
896 2115 927 2173 in
947 2116 1039 2192 suspi-

125 2209 242 2269 cionem
262 2210 325 2287 regi
346 2211 535 2284 adducerent,
556 2222 694 2286 tanquam
715 2211 751 2269 ab
775 2210 844 2287 ipsis
871 2222 1038 2287 corruptum

99 2305 183 2364 uis
206 2318 291 2382 atque
313 2318 399 2365 antea
422 2306 548 2377 sentire;
581 2325 674 2382 neque
702 2306 731 2364 id
757 2303 861 2364 lrustrd
888 2305 1035 2379 fecissent,
1056 2306 1097 2365 20

124 2399 213 2474 idque
233 2399 383 2459 Hannibal
397 2400 594 2478 comperisset,
608 2420 695 2477 seque
710 2401 747 2459 ab
766 2400 950 2459 interioribus
970 2420 1038 2460 con·

124 2493 197 2552 siliis
217 2495 363 2571 segregari
384 2495 518 2553 vidisset:
540 2506 667 2572 tempore
688 2496 757 2554 dato
777 2495 849 2554 adiit
870 2496 906 2554 ad
926 2515 1037 2572 regem,

124 2588 208 2665 eique
231 2609 320 2665 quum
341 2591 432 2648 multa
457 2592 495 2649 de
518 2590 576 2648 fide
600 2591 664 2664 sua,
688 2602 718 2649 et
743 2589 810 2649 odio
833 2590 864 2646 in
887 2590 1038 2651 Romanos

124 2685 387 2760 commemorisset,
402 2687 458 2744 hoc
472 2685 619 2763 adjunxit:
640 2686 747 2759 Pater,
762 2686 865 2762 inquit,
879 2706 954 2745 meus
968 2687 1036 2745 Ha·

123 2779 235 2853 reiicer,
256 2782 378 2857 puerulo
404 2801 455 2855 me,
479 2790 576 2858 utpote
603 2801 659 2840 uere
680 2780 804 2858 amplius
830 2802 926 2840 uocem
946 2801 1035 2840 uuuos
1055 2783 1097 2843 at

123 2883 203 2949 nato,
225 2877 257 2932 iu
277 2875 457 2953 Hispaniam
477 2860 633 2952 imperator
646 2876 833 2953 proficiscens
856 2875 1037 2950 Cartbagine

123 2970 193 3027 Jovi
217 2971 335 3047 Optimo
356 2972 483 3030 Maximo
503 2973 612 3030 bestias
633 2971 795 3028 immolauit.
841 2970 916 3038 Qua
935 2970 1037 3028 diviua

123 3087 169 3124 res
190 3067 256 3124 dum
276 3068 488 3145 conficiebatur,
503 3068 636 3144 quesivit
649 3086 669 3123 a
681 3086 732 3139 me,
746 3066 875 3124 vellemne
894 3085 985 3123 secum
1004 3067 1037 3124 ia
1078 3124 1085 3133 ,,

123 3173 222 3223 eostre
238 3165 397 3242 proficisci.
453 3164 494 3221 Id
512 3183 596 3240 quum
616 3163 733 3221 libenter
754 3161 930 3237 accepissem,
952 3170 1037 3238 atque

123 3263 160 3322 ab
184 3284 214 3322 eo
237 3271 334 3341 petere
361 3241 514 3338 coepissem,
541 3279 575 3318 ue
602 3258 748 3316 dubitaret
768 3257 878 3331 ducere,
899 3265 957 3314 tum
978 3259 1034 3332 ille,
1054 3261 1096 3319 80

123 3357 270 3435 ‘sueiomss
285 3357 391 3434 iuquit,
406 3356 450 3414 ‘si
454 3355 546 3431 fidem
558 3355 638 3427 milri,
659 3373 743 3429 quam
758 3353 883 3428 postulo,
905 3352 1035 3411 dederis?

122 3455 219 3512 Simul
228 3474 269 3513 me
283 3453 324 3511 ad
336 3472 417 3511 asaro
431 3451 562 3522 adduxit,
578 3449 658 3525 opud
670 3468 754 3525 quam
769 3448 936 3524 sacrificare
952 3449 1035 3507 iusti-

121 3559 229 3624 tueret,
252 3569 376 3625 eemqrrr,
391 3548 500 3606 ceteris
522 3547 644 3617 remotis,
661 3553 795 3603 tenentem
808 3543 915 3620 jurare
928 3543 1034 3620 jussit,
