2392 4132
108 336 165 395 114
399 346 431 395 Τ.
447 342 653 395 POMPONIUS
669 340 836 393 nu'rlcua

165 515 196 561 ut
210 503 316 574 caeteri,
330 503 380 576 qui
392 522 443 577 per
454 521 521 558 eum
531 514 579 559 aut
590 503 723 573 honoreS,
735 512 785 558 aut
795 499 911 558 divitius
919 513 1084 577 ceperant:
1110 528 1115 537 ·

165 617 284 672 quorum
311 597 414 671 partim
442 596 603 654 invitissimi
631 609 725 653 castra
751 608 820 654 sunt
840 595 944 669 secutI,
973 599 1083 673 partim

166 691 278 747 summai
292 709 357 746 curn
373 691 435 765 ejus
448 691 608 748 offensione
628 690 707 748 dorni
730 702 941 749 remanserunt.
984 693 1083 751 Attici

166 796 261 842 autern
274 785 356 859 quies
370 796 518 861 tantopere
532 785 642 842 Caesari
656 785 710 842 fuit
723 795 816 860 grata,
830 796 863 842 ut
875 786 968 843 victor
989 806 1082 861 quum

127 879 282 956 bprivatis
310 881 451 957 pecunias
486 900 537 956 per
572 880 707 955 epistolas
735 879 898 955 imperaret,
922 880 994 937 huic
1021 900 1082 939 non

167 972 258 1032 solum
274 976 411 1034 molestus
425 995 483 1033 non
505 975 600 1043 fuerit,
622 976 673 1032 sed
696 974 784 1032 etiarn
808 973 913 1033 sororis
936 975 1031 1033 lilium
1052 988 1081 1034 et

165 1071 206 1132 Q.
235 1071 408 1129 Ciceronem
434 1091 471 1128 ex
494 1071 624 1146 Pompeii
659 1070 761 1128 castris
787 1071 976 1129 concesserit.
1028 1072 1081 1129 Sic
1111 1128 1113 1133 .

167 1178 263 1224 vetere
276 1166 407 1224 instituto
418 1166 492 1238 vitae,
507 1165 608 1241 effugit
622 1184 697 1223 nova
708 1165 847 1241 pericula

208 1261 295 1318 VIII.
347 1262 486 1317 Secutum
514 1270 558 1317 est
584 1260 665 1332 illud,
703 1259 801 1317 occiso
835 1259 962 1332 Coesare,
990 1279 1080 1335 quum

111 1356 148 1413 10
161 1354 324 1429 respublica
337 1374 427 1429 pones
446 1354 550 1411 Brutos
572 1354 716 1411 videretur
738 1373 802 1411 esse
822 1366 853 1412 et
876 1355 1021 1428 Cassium,
1045 1374 1081 1413 ac

168 1461 228 1507 tota
242 1449 343 1506 civitas
357 1469 387 1506 se
403 1450 439 1506 ad
453 1469 503 1507 eos
526 1448 723 1506 convertisset.
765 1448 816 1505 Sic
830 1448 872 1505 M.
899 1450 989 1508 Bruto
1009 1470 1080 1507 usus

168 1556 221 1617 est,
238 1556 270 1602 ut
292 1545 371 1602 nullo
393 1545 440 1601 ille
464 1544 632 1601 adolescens
655 1544 757 1617 aequali
784 1542 966 1616 familiarius,
992 1543 1080 1619 qudm

168 1642 224 1697 hoc
244 1660 324 1712 sene,
339 1659 432 1715 noque
447 1637 540 1697 solirm
554 1658 620 1695 eum
635 1638 795 1713 principem
814 1639 929 1697 consilii
949 1640 1079 1713 haberet,

168 1737 218 1793 sed
240 1735 326 1793 etiam
341 1735 371 1792 in
386 1735 529 1793 convictu.
571 1732 775 1808 Excogitatum
789 1744 833 1791 est
856 1752 874 1789 a
896 1734 1080 1808 quibusdam,

112 1831 150 1888 15
170 1843 202 1888 ut
214 1831 355 1905 privatum
370 1830 501 1886 {erarium
510 1828 634 1885 Caesaris
648 1828 880 1885 interfectoribus
889 1829 925 1885 ab
936 1829 1081 1904 equitibus

169 1924 312 1982 Romanis
326 1924 556 1980 constitueretur.
598 1921 633 1978 ld
648 1920 733 1979 facild
748 1921 824 1978 effici
843 1942 927 1999 posse
952 1923 1082 1982 arbitrati

169 2031 246 2090 sunt,
261 2019 285 2074 si
299 2029 328 2075 et
338 2017 484 2092 principos
497 2016 574 2074 illius
587 2017 697 2074 ordinis
720 2017 860 2092 pecunias
880 2018 1080 2076 contulissent„

169 2113 270 2188 Itaque
285 2113 444 2189 appellatus
457 2124 500 2170 est
515 2132 532 2170 a
552 2113 587 2170 O.
603 2112 712 2185 Flavio,
737 2113 819 2170 Bruti
841 2114 986 2186 familiari,
1006 2114 1082 2172 Arri·

169 2230 231 2281 cus,
246 2221 278 2267 ut
291 2209 354 2284 ejus
368 2208 410 2265 rei
424 2208 558 2283 princeps
572 2227 634 2265 esse
649 2209 742 2265 vellet.
784 2207 825 2265 At
839 2207 897 2280 ille,
911 2208 962 2283 qui
984 2208 1081 2267 officia

110 2306 151 2362 20
171 2304 272 2361 amicis
285 2304 448 2378 praestanda
466 2303 529 2359 sine
552 2302 677 2360 factione
701 2301 889 2375 existimaret,
911 2322 1080 2380 semperque

171 2419 188 2455 a
214 2398 320 2455 talibus
347 2416 377 2454 se
402 2397 531 2454 consiliis
558 2397 735 2470 removisset,
762 2398 929 2474 respondit:
957 2400 985 2456 si
1010 2396 1083 2475 quid

169 2493 284 2550 Brutus
293 2491 326 2548 de
338 2493 397 2548 suis
401 2490 600 2566 saturitatibus
620 2494 664 2549 uti
677 2494 820 2566 voluisset,
844 2514 970 2568 usumm,
991 2513 1080 2570 quan·

170 2585 230 2644 trini
254 2607 292 2643 ccc
313 2595 506 2663 poterentur:
527 2607 555 2644 se
579 2607 666 2662 neque
693 2608 754 2645 cnm
779 2608 920 2664 quoquam
940 2590 975 2647 de
995 2588 1029 2647 ed
1049 2610 1080 2647 re

171 2682 381 2752 collocuturum,
409 2700 495 2755 noque
524 2685 672 2737 ruiturum.
728 2682 778 2739 Sic
812 2683 860 2741 ille
880 2668 1108 2743 consensIonir'

111 2777 151 2835 25
170 2776 272 2853 globus
294 2774 380 2850 hujus
407 2774 493 2831 unius
521 2774 700 2833 dissensione
723 2776 861 2852 disjectus
881 2789 934 2836 est.
977 2778 1080 2854 Neque

170 2870 261 2930 multb
275 2867 340 2947 pdst
354 2869 482 2946 superior
495 2889 559 2927 esse
573 2869 661 2946 coepit
682 2871 848 2929 Antonius:
870 2871 911 2930 ita
923 2883 956 2930 ut
975 2874 1081 2932 Brutus

170 2980 200 3027 et
226 2967 356 3039 Cassius,
383 2965 606 3043 provinciarum,
634 2986 697 3041 quae
725 2967 760 3024 iis
787 2967 869 3024 necis
890 2968 980 3025 causi
1006 2970 1080 3027 dare

170 3075 253 3121 erant
267 3081 284 3119 a
297 3063 474 3133 consulibus,
489 3061 646 3136 desperatis
657 3063 753 3134 rebus,
768 3062 798 3118 in
812 3062 931 3119 exilium
953 3064 1081 3139 proficis-

171 3170 313 3216 cerentur.
355 3157 482 3228 Atticus,
494 3157 542 3230 qui
553 3155 707 3231 pecuniam
718 3156 802 3213 simul
815 3175 881 3214 cum
890 3158 1004 3216 caeteris
1015 3176 1083 3217 con·

113 3238 161 3311 30⁸
173 3252 245 3309 serre
252 3251 384 3308 noluerat
392 3228 505 3309 flbrenti
515 3250 557 3306 illi
566 3250 649 3325 parti,
661 3250 774 3325 abjecto
781 3251 872 3309 Bruto
883 3250 1027 3328 Italidque
1036 3272 1084 3311 ce·

172 3344 252 3402 denti
264 3346 458 3404 sestertiorum
470 3356 587 3403 centum
602 3346 693 3403 millia
714 3347 827 3404 muneri
848 3346 935 3405 misit
977 3348 1084 3407 Eidem

172 3439 202 3496 in
217 3439 305 3515 Epiro
320 3441 424 3498 absens
445 3452 575 3521 trecenta
591 3441 677 3516 jussit
700 3441 781 3498 dari:
813 3461 907 3517 neque
929 3441 966 3501 ed
989 3445 1085 3522 magis

170 3535 281 3612 potenti
295 3535 427 3594 adulatus
441 3548 485 3595 est
499 3536 639 3609 Antonio,
653 3554 748 3611 neque
770 3536 936 3613 desperatos
959 3538 1084 3617 reliquit.
