2392 4132
524 337 730 386 PELOPIDAS.

169 497 419 569 Lacedaernonius,
445 514 535 572 qnum
562 495 723 553 exercitum
755 494 917 570 Olynthum
950 496 1082 564 duceret,

169 595 279 671 iterque
292 612 343 669 per
358 592 478 650 Thebas
493 592 610 664 faceret,
626 610 723 648 arcem
741 591 850 666 oppidi,
864 609 927 665 quae
950 591 1082 649 Cadmea

168 690 344 761 nominatur,
367 687 520 762 occupavit
544 687 669 762 impulsu
690 705 900 762 perpaucorum
924 686 1082 744 Thebano·

168 805 242 857 rum,
262 783 321 860 qui,
347 782 517 840 adversariae
541 783 662 840 factioni
684 781 741 858 qud
766 781 882 840 sacilihs
906 783 1083 856 resisterent,

129 883 149 940 ὅ
169 881 320 939 Laconum
334 878 420 936 rebus
435 878 608 936 studebant:
630 877 717 952 idque
727 897 781 935 suo
804 877 924 951 privato,
939 897 999 935 non
1012 878 1084 954 pub-

168 977 235 1049 lico,
258 975 328 1033 fecit
350 972 481 1031 consilio.
522 973 593 1034 Quo
617 973 694 1031 lacto
714 990 783 1029 eum
807 971 1026 1030 Lacedaemonii
1047 972 1084 1029 ab

169 1071 298 1128 exercitu
322 1079 506 1127 removerunt
528 1067 711 1143 pecuniaque
734 1067 910 1124 multarunt:
932 1087 1027 1142 neque
1048 1065 1083 1124 eb

135 1203 139 1209 -
168 1166 262 1242 magis
288 1182 386 1222 arcem
414 1161 567 1219 Thebanis
593 1162 793 1235 reddiderunt,
823 1160 903 1237 qudd
938 1162 1081 1238 susceptis

169 1260 330 1319 inimicitiis
344 1259 434 1317 satius
448 1258 595 1341 ducebant
616 1277 666 1317 eos
689 1256 827 1330 obsideri,
846 1255 932 1333 qudrn
956 1258 1082 1316 liberari.

112 1357 149 1415 10
170 1356 248 1414 Nam
261 1367 326 1431 post
338 1352 582 1429 Peloponnesium
606 1354 715 1411 bellum
739 1353 930 1428 Athenasque
951 1354 1082 1413 devictas

169 1471 237 1509 cum
250 1450 403 1507 Thebanis
417 1448 472 1506 sibi
487 1468 548 1534 rem
567 1468 631 1506 esse
655 1449 871 1521 existimabant,
889 1462 922 1507 et
942 1469 993 1509 eos
1017 1469 1082 1508 esse

169 1549 254 1619 solos,
281 1545 330 1621 qui
357 1541 494 1602 adversbs
520 1543 653 1601 resistere
686 1544 835 1602 auderent.
889 1543 957 1600 Hac
984 1555 1082 1602 mente

170 1642 271 1700 amicis
295 1641 355 1698 suis
382 1658 509 1698 summas
535 1651 692 1715 potestates
727 1636 878 1713 dederant,
908 1640 1082 1716 alteriusque

169 1737 303 1796 factionis
316 1735 464 1812 principes
476 1734 581 1810 partim
595 1731 811 1808 interfecerant,
828 1736 898 1793 alios
918 1735 948 1792 in
964 1737 1084 1794 exilium

112 1834 150 1891 15
170 1833 336 1908 ejecerant:
359 1830 388 1887 in
415 1830 520 1906 quibus
547 1829 700 1905 Pelopidas
727 1829 786 1903 hic,
813 1831 930 1905 dequo
954 1832 1083 1890 scribere

169 1926 265 1985 exorsi
275 1944 386 1996 sumus,
400 1925 510 2000 pulsus,
524 1923 618 2000 patrib
633 1925 760 1983 carebat.
1091 1986 1095 1993 ⁴

209 2022 250 2078 ΙΙ.
292 2019 333 2077 Hi
347 2038 449 2078 omnes
464 2018 524 2077 lere
539 2018 673 2078 Athenas
687 2039 718 2077 se
732 2021 925 2094 contulerant,
948 2041 1008 2081 non
1027 2020 1084 2102 qud

169 2130 357 2195 sequerentur
370 2118 471 2190 otium,
487 2118 538 2176 sed
552 2129 594 2191 ut,
606 2137 748 2194 quemque
771 2138 809 2176 ex
832 2120 964 2195 proximo
987 2122 1084 2180 locum

170 2218 226 2275 sors
239 2215 399 2286 obtulisset,
422 2233 457 2273 eo
477 2214 600 2290 patriam
623 2234 796 2290 recuperare
814 2215 985 2275 niterentur.
1027 2217 1085 2276 Ita·

109 2312 150 2370 20
170 2330 225 2386 que
239 2329 327 2384 quum
341 2320 454 2383 tempus
473 2323 518 2366 est
541 2308 633 2366 visum
657 2309 699 2367 rei
721 2312 866 2385 gerenda,
892 2313 1085 2372 communiter

169 2426 237 2463 curn
252 2404 307 2476 his,
320 2403 370 2479 qui
384 2403 497 2461 Thebis
511 2403 588 2461 idem
610 2404 785 2478 sentiebant,
800 2406 878 2464 diem
900 2409 1082 2484 delegerunt,

170 2502 206 2559 ad
221 2499 355 2556 inimicos
368 2499 573 2575 opprimendos
587 2499 790 2575 civitatemque
801 2501 991 2575 liberandam,
1003 2523 1083 2576 eum,

169 2615 225 2670 quo
253 2593 370 2651 maximi
398 2593 582 2669 magistratus
609 2595 696 2652 simul
723 2609 935 2655 consueverant
961 2585 1082 2674 epulari.

170 2690 287 2766 Magnae
311 2688 389 2764 saepd
414 2708 460 2746 res
484 2708 543 2746 non
570 2688 611 2746 ita
632 2690 746 2765 magnis
768 2691 861 2768 copiis
884 2704 952 2751 sunt
973 2707 1083 2769 gestae3

108 2786 149 2845 25
169 2785 221 2844 sed
234 2781 363 2861 profectb
379 2802 528 2858 nunquam
552 2783 589 2840 ab
612 2794 672 2841 tam
694 2786 776 2843 tenui
801 2786 883 2846 initio
904 2798 993 2846 tantae
1014 2810 1085 2866 opes

168 2893 236 2940 sunt
259 2877 426 2958 profligata.
481 2877 560 2937 Nam
587 2879 741 2937 duodecim
770 2882 978 2941 adolescentuli
1006 2888 1084 2943 coie-

168 2989 236 3037 runt
249 2995 286 3034 err
299 2974 355 3048 his,
370 2973 419 3050 qui
433 2973 520 3033 exilio
530 2985 613 3033 erant
625 2975 750 3048 multati,
772 2996 860 3052 quum
880 2977 1002 3036 omnino
1023 2998 1082 3038 non

167 3083 266 3131 essent
279 3069 404 3147 amplius
420 3082 549 3143 centum,
564 3071 613 3146 qui
627 3083 708 3130 tanto
729 3091 760 3128 se
781 3072 918 3131 offerrent
941 3065 1081 3150 periculo.

167 3167 239 3229 Qut
252 3166 399 3242 paucitate
412 3166 546 3241 perculsa
564 3176 608 3223 est
632 3165 919 3224 Lacedaemoniorum
942 3170 1082 3244 potentia.

109 3263 149 3321 30
170 3261 211 3319 Ηί
245 3260 324 3318 enim
361 3281 420 3319 non
455 3260 549 3336 magis
584 3261 811 3319 adversariorum
839 3264 969 3336 factioni,
996 3263 1084 3340 qudm

170 3354 330 3431 Spartanis,
345 3374 380 3414 eo
393 3367 521 3431 tempore
536 3355 644 3412 bellurn
668 3356 844 3428 intulerunt3
866 3359 915 3434 qui
936 3360 1085 3437 principes

168 3461 251 3508 erant
264 3449 352 3509 totius
374 3450 507 3523 Graeciae,
533 3469 657 3525 quorum
680 3451 793 3529 imperii
817 3453 963 3528 majestas,
988 3474 1085 3531 neque

168 3544 208 3604 ita
221 3543 312 3602 multd
326 3543 401 3620 pdst,
416 3545 572 3604 leuctrich
584 3547 694 3623 pugni,
710 3548 747 3605 ab
761 3549 816 3606 hoc
839 3548 923 3607 initio
940 3552 1085 3626 perculsa,
