<?xml version="1.0" encoding="UTF-8"?>
<!DOCTYPE html PUBLIC "-//W3C//DTD XHTML 1.0 Transitional//EN"
    "http://www.w3.org/TR/xhtml1/DTD/xhtml1-transitional.dtd">
<html xmlns="http://www.w3.org/1999/xhtml" xml:lang="en" lang="en">
 <head>
  <title>
</title>
<meta http-equiv="Content-Type" content="text/html;charset=utf-8" />
  <meta name='ocr-system' content='tesseract 3.04.00' />
  <meta name='ocr-capabilities' content='ocr_page ocr_carea ocr_par ocr_line ocrx_word'/>
</head>
<body>
  <div class='ocr_page' id='page_1' title='image "./devitaexcellent00nepogoog_0053.png"; bbox 0 0 2392 4132; ppageno 0'>
   <div class='ocr_carea' id='block_1_1' title="bbox 113 304 645 361">
    <p class='ocr_par' dir='ltr' id='par_1_1' title="bbox 113 304 645 361">
     <span class='ocr_line' id='line_1_1' title="bbox 113 304 645 361; baseline -0.009 0"><span class='ocrx_word' id='word_1_1' title='bbox 113 304 153 361; x_wconf 74' lang='lat'><strong>42</strong></span> <span class='ocrx_word' id='word_1_2' title='bbox 549 309 645 361; x_wconf 85' lang='lat' dir='ltr'>DION.</span> 
     </span>
    </p>
   </div>
   <div class='ocr_carea' id='block_1_2' title="bbox 55 465 1108 3566">
    <p class='ocr_par' dir='ltr' id='par_1_2' title="bbox 55 465 1108 3566">
     <span class='ocr_line' id='line_1_2' title="bbox 171 465 1080 546; baseline -0.006 -19"><span class='ocrx_word' id='word_1_3' title='bbox 171 469 301 546; x_wconf 86' lang='lat' dir='ltr'><strong>gationes</strong></span> <span class='ocrx_word' id='word_1_4' title='bbox 315 466 393 541; x_wconf 77' lang='lat' dir='ltr'><strong>verb,</strong></span> <span class='ocrx_word' id='word_1_5' title='bbox 407 487 469 543; x_wconf 85' lang='lat' dir='ltr'><strong>quae</strong></span> <span class='ocrx_word' id='word_1_6' title='bbox 493 478 590 525; x_wconf 86' lang='lat' dir='ltr'><strong>essent</strong></span> <span class='ocrx_word' id='word_1_7' title='bbox 614 467 792 538; x_wconf 81' lang='lat' dir='ltr'>illustriores,</span> <span class='ocrx_word' id='word_1_8' title='bbox 812 484 863 541; x_wconf 90' lang='lat' dir='ltr'><strong>per</strong></span> <span class='ocrx_word' id='word_1_9' title='bbox 882 465 1007 523; x_wconf 89' lang='lat' dir='ltr'><strong>Dionem</strong></span> <span class='ocrx_word' id='word_1_10' title='bbox 1031 466 1080 523; x_wconf 92' lang='lat' dir='ltr'><strong>ad·</strong></span> 
     </span>
     <span class='ocr_line' id='line_1_3' title="bbox 171 560 1078 637; baseline -0.002 -16"><span class='ocrx_word' id='word_1_11' title='bbox 171 563 424 632; x_wconf 87' lang='lat' dir='ltr'><strong>ministrabantur;</strong></span> <span class='ocrx_word' id='word_1_12' title='bbox 455 582 526 637; x_wconf 88' lang='lat' dir='ltr'><strong>quas</strong></span> <span class='ocrx_word' id='word_1_13' title='bbox 549 563 665 636; x_wconf 90' lang='lat' dir='ltr'><strong>quidem</strong></span> <span class='ocrx_word' id='word_1_14' title='bbox 689 561 737 619; x_wconf 90' lang='lat' dir='ltr'><strong>ille</strong></span> <span class='ocrx_word' id='word_1_15' title='bbox 759 560 912 637; x_wconf 85' lang='lat' dir='ltr'>diligenter</span> <span class='ocrx_word' id='word_1_16' title='bbox 933 561 1078 634; x_wconf 88' lang='lat' dir='ltr'><strong>obeundo,</strong></span> 
     </span>
     <span class='ocr_line' id='line_1_4' title="bbox 171 655 1078 729; baseline -0.004 -14"><span class='ocrx_word' id='word_1_17' title='bbox 171 658 292 716; x_wconf 89' lang='lat' dir='ltr'><strong>fideliter</strong></span> <span class='ocrx_word' id='word_1_18' title='bbox 317 658 553 729; x_wconf 84' lang='lat' dir='ltr'><strong>administrando,</strong></span> <span class='ocrx_word' id='word_1_19' title='bbox 578 655 808 714; x_wconf 87' lang='lat' dir='ltr'><strong>crudelissimum</strong></span> <span class='ocrx_word' id='word_1_20' title='bbox 833 675 938 713; x_wconf 90' lang='lat' dir='ltr'><strong>nomen</strong></span> <span class='ocrx_word' id='word_1_21' title='bbox 963 656 1078 729; x_wconf 81' lang='lat' dir='ltr'>tyranni</span> 
     </span>
     <span class='ocr_line' id='line_1_5' title="bbox 172 750 1079 828; baseline -0.003 -18"><span class='ocrx_word' id='word_1_22' title='bbox 172 753 224 810; x_wconf 72' lang='lat' dir='ltr'><strong>suat</strong></span> <span class='ocrx_word' id='word_1_23' title='bbox 239 753 416 810; x_wconf 85' lang='lat' dir='ltr'><strong>humanitate</strong></span> <span class='ocrx_word' id='word_1_24' title='bbox 428 753 551 828; x_wconf 85' lang='lat' dir='ltr'><strong>tegebat.</strong></span> <span class='ocrx_word' id='word_1_25' title='bbox 593 752 684 808; x_wconf 93' lang='lat' dir='ltr'><strong>Hunc</strong></span> <span class='ocrx_word' id='word_1_26' title='bbox 696 770 713 808; x_wconf 86' lang='lat' dir='ltr'><strong>a</strong></span> <span class='ocrx_word' id='word_1_27' title='bbox 726 750 867 825; x_wconf 89' lang='lat' dir='ltr'><strong>Dionysio</strong></span> <span class='ocrx_word' id='word_1_28' title='bbox 878 751 997 806; x_wconf 88' lang='lat' dir='ltr'><strong>missum</strong></span> <span class='ocrx_word' id='word_1_29' title='bbox 1009 751 1079 807; x_wconf 83' lang='lat' dir='ltr'><strong>Car·</strong></span> 
     </span>
     <span class='ocr_line' id='line_1_6' title="bbox 130 845 1079 922; baseline -0.004 -17"><span class='ocrx_word' id='word_1_30' title='bbox 130 849 151 904; x_wconf 84' lang='grc'><strong><em>5</em></strong></span> <span class='ocrx_word' id='word_1_31' title='bbox 170 847 368 922; x_wconf 85' lang='lat' dir='ltr'><strong>thaginienses</strong></span> <span class='ocrx_word' id='word_1_32' title='bbox 384 857 585 922; x_wconf 85' lang='lat' dir='ltr'><strong>suspexerunt,</strong></span> <span class='ocrx_word' id='word_1_33' title='bbox 607 857 639 903; x_wconf 91' lang='lat' dir='ltr'><strong>ut</strong></span> <span class='ocrx_word' id='word_1_34' title='bbox 657 845 803 903; x_wconf 88' lang='lat' dir='ltr'><strong>neminem</strong></span> <span class='ocrx_word' id='word_1_35' title='bbox 825 863 952 918; x_wconf 89' lang='lat' dir='ltr'><strong>unquam</strong></span> <span class='ocrx_word' id='word_1_36' title='bbox 975 845 1079 902; x_wconf 73' lang='lat' dir='ltr'><strong>Graeca</strong></span> 
     </span>
     <span class='ocr_line' id='line_1_7' title="bbox 169 940 780 1016; baseline -0.005 -17"><span class='ocrx_word' id='word_1_37' title='bbox 169 941 270 1016; x_wconf 78' lang='lat' dir='ltr'><strong>linguai</strong></span> <span class='ocrx_word' id='word_1_38' title='bbox 283 943 447 1016; x_wconf 89' lang='lat' dir='ltr'><strong>loquentem</strong></span> <span class='ocrx_word' id='word_1_39' title='bbox 462 943 554 1016; x_wconf 89' lang='lat' dir='ltr'><strong>magis</strong></span> <span class='ocrx_word' id='word_1_40' title='bbox 568 941 626 998; x_wconf 91' lang='lat' dir='ltr'><strong>sint</strong></span> <span class='ocrx_word' id='word_1_41' title='bbox 640 940 780 997; x_wconf 87' lang='lat' dir='ltr'><strong>admirati.</strong></span> 
     </span>
     <span class='ocr_line' id='line_1_8' title="bbox 210 1033 1079 1110; baseline -0.001 -19"><span class='ocrx_word' id='word_1_42' title='bbox 210 1035 251 1092; x_wconf 93' lang='lat' dir='ltr'><strong>II.</strong></span> <span class='ocrx_word' id='word_1_43' title='bbox 292 1035 395 1110; x_wconf 88' lang='lat' dir='ltr'><strong>Neque</strong></span> <span class='ocrx_word' id='word_1_44' title='bbox 420 1033 487 1092; x_wconf 84' lang='lat' dir='ltr'><strong>verb</strong></span> <span class='ocrx_word' id='word_1_45' title='bbox 515 1037 577 1092; x_wconf 89' lang='lat' dir='ltr'><strong>haec</strong></span> <span class='ocrx_word' id='word_1_46' title='bbox 599 1035 771 1109; x_wconf 90' lang='lat' dir='ltr'><strong>Dionysium</strong></span> <span class='ocrx_word' id='word_1_47' title='bbox 793 1034 951 1110; x_wconf 83' lang='lat' dir='ltr'><strong>fugiebant.</strong></span> <span class='ocrx_word' id='word_1_48' title='bbox 1001 1033 1079 1090; x_wconf 93' lang='lat' dir='ltr'><strong>Nam</strong></span> 
     </span>
     <span class='ocr_line' id='line_1_9' title="bbox 170 1128 1080 1205; baseline 0 -19"><span class='ocrx_word' id='word_1_49' title='bbox 170 1142 277 1205; x_wconf 86' lang='lat' dir='ltr'><strong>quanto</strong></span> <span class='ocrx_word' id='word_1_50' title='bbox 287 1142 363 1187; x_wconf 86' lang='lat' dir='ltr'><strong>esset</strong></span> <span class='ocrx_word' id='word_1_51' title='bbox 377 1129 432 1186; x_wconf 88' lang='lat' dir='ltr'><strong>sibi</strong></span> <span class='ocrx_word' id='word_1_52' title='bbox 446 1140 626 1200; x_wconf 90' lang='lat' dir='ltr'><strong>ornamento,</strong></span> <span class='ocrx_word' id='word_1_53' title='bbox 645 1129 796 1186; x_wconf 81' lang='lat' dir='ltr'><strong>sentiebat.</strong></span> <span class='ocrx_word' id='word_1_54' title='bbox 837 1128 908 1189; x_wconf 83' lang='lat' dir='ltr'><strong>Quo</strong></span> <span class='ocrx_word' id='word_1_55' title='bbox 928 1128 1025 1200; x_wconf 90' lang='lat' dir='ltr'><strong>fiebat,</strong></span> <span class='ocrx_word' id='word_1_56' title='bbox 1048 1140 1080 1187; x_wconf 94' lang='lat' dir='ltr'><strong>ut</strong></span> 
     </span>
     <span class='ocr_line' id='line_1_10' title="bbox 55 1222 1080 1298; baseline -0.005 -19"><span class='ocrx_word' id='word_1_57' title='bbox 55 1224 67 1255; x_wconf 69' lang='lat'>⁸</span> <span class='ocrx_word' id='word_1_58' title='bbox 170 1223 222 1279; x_wconf 92' lang='lat' dir='ltr'><strong>uni</strong></span> <span class='ocrx_word' id='word_1_59' title='bbox 237 1225 305 1280; x_wconf 92' lang='lat' dir='ltr'><strong>huic</strong></span> <span class='ocrx_word' id='word_1_60' title='bbox 319 1222 444 1281; x_wconf 77' lang='lat' dir='ltr'><strong>maxime</strong></span> <span class='ocrx_word' id='word_1_61' title='bbox 460 1224 633 1298; x_wconf 84' lang='lat' dir='ltr'><strong>indulgeret,</strong></span> <span class='ocrx_word' id='word_1_62' title='bbox 648 1243 742 1298; x_wconf 89' lang='lat' dir='ltr'><strong>neque</strong></span> <span class='ocrx_word' id='word_1_63' title='bbox 756 1242 823 1279; x_wconf 87' lang='lat' dir='ltr'><strong>curn</strong></span> <span class='ocrx_word' id='word_1_64' title='bbox 845 1242 929 1279; x_wconf 90' lang='lat' dir='ltr'><strong>secus</strong></span> <span class='ocrx_word' id='word_1_65' title='bbox 946 1222 1080 1298; x_wconf 83' lang='lat' dir='ltr'><strong>diligeret</strong></span> 
     </span>
     <span class='ocr_line' id='line_1_11' title="bbox 116 1317 1080 1391; baseline -0.002 -16"><span class='ocrx_word' id='word_1_66' title='bbox 116 1319 151 1375; x_wconf 85' lang='lat'><strong>10</strong></span> <span class='ocrx_word' id='word_1_67' title='bbox 172 1337 207 1375; x_wconf 86' lang='lat' dir='ltr'><strong>uc</strong></span> <span class='ocrx_word' id='word_1_68' title='bbox 233 1318 333 1374; x_wconf 87' lang='lat' dir='ltr'><strong>tilium.</strong></span> <span class='ocrx_word' id='word_1_69' title='bbox 374 1317 437 1378; x_wconf 78' lang='lat' dir='ltr'><strong>Qui</strong></span> <span class='ocrx_word' id='word_1_70' title='bbox 464 1318 591 1391; x_wconf 89' lang='lat' dir='ltr'><strong>quidem,</strong></span> <span class='ocrx_word' id='word_1_71' title='bbox 619 1336 717 1391; x_wconf 92' lang='lat' dir='ltr'><strong>quum,</strong></span> <span class='ocrx_word' id='word_1_72' title='bbox 742 1318 891 1374; x_wconf 87' lang='lat' dir='ltr'><strong>Platonem</strong></span> <span class='ocrx_word' id='word_1_73' title='bbox 916 1317 1080 1374; x_wconf 87' lang='lat' dir='ltr'><strong>Tarentum</strong></span> 
     </span>
     <span class='ocr_line' id='line_1_12' title="bbox 171 1411 1080 1486; baseline 0.003 -19"><span class='ocrx_word' id='word_1_74' title='bbox 171 1412 293 1484; x_wconf 89' lang='lat' dir='ltr'><strong>venisse,</strong></span> <span class='ocrx_word' id='word_1_75' title='bbox 322 1413 399 1469; x_wconf 84' lang='lat' dir='ltr'><strong>fama</strong></span> <span class='ocrx_word' id='word_1_76' title='bbox 423 1412 452 1467; x_wconf 90' lang='lat' dir='ltr'><strong>in</strong></span> <span class='ocrx_word' id='word_1_77' title='bbox 481 1411 612 1467; x_wconf 86' lang='lat' dir='ltr'><strong>Siciliam</strong></span> <span class='ocrx_word' id='word_1_78' title='bbox 644 1423 720 1468; x_wconf 90' lang='lat' dir='ltr'><strong>esset</strong></span> <span class='ocrx_word' id='word_1_79' title='bbox 753 1412 873 1486; x_wconf 85' lang='lat' dir='ltr'><strong>perlata,</strong></span> <span class='ocrx_word' id='word_1_80' title='bbox 902 1411 1080 1470; x_wconf 88' lang='lat' dir='ltr'><strong>adolescenti</strong></span> 
     </span>
     <span class='ocr_line' id='line_1_13' title="bbox 171 1504 1079 1581; baseline 0.001 -19"><span class='ocrx_word' id='word_1_81' title='bbox 171 1525 278 1581; x_wconf 86' lang='lat' dir='ltr'><strong>negare</strong></span> <span class='ocrx_word' id='word_1_82' title='bbox 306 1525 364 1562; x_wconf 91' lang='lat' dir='ltr'><strong>non</strong></span> <span class='ocrx_word' id='word_1_83' title='bbox 385 1504 487 1581; x_wconf 89' lang='lat' dir='ltr'><strong>potuit,</strong></span> <span class='ocrx_word' id='word_1_84' title='bbox 509 1504 578 1579; x_wconf 92' lang='lat' dir='ltr'><strong>quin</strong></span> <span class='ocrx_word' id='word_1_85' title='bbox 603 1524 670 1561; x_wconf 86' lang='lat' dir='ltr'><strong>curn</strong></span> <span class='ocrx_word' id='word_1_86' title='bbox 695 1515 863 1577; x_wconf 85' lang='lat' dir='ltr'><strong>arcesseret,</strong></span> <span class='ocrx_word' id='word_1_87' title='bbox 887 1524 975 1579; x_wconf 91' lang='lat' dir='ltr'><strong>quum</strong></span> <span class='ocrx_word' id='word_1_88' title='bbox 1001 1505 1079 1563; x_wconf 90' lang='lat' dir='ltr'><strong>Dion</strong></span> 
     </span>
     <span class='ocr_line' id='line_1_14' title="bbox 170 1588 1080 1676; baseline -0.001 -18"><span class='ocrx_word' id='word_1_89' title='bbox 170 1601 234 1676; x_wconf 90' lang='lat' dir='ltr'><strong>ejus</strong></span> <span class='ocrx_word' id='word_1_90' title='bbox 262 1600 398 1657; x_wconf 86' lang='lat' dir='ltr'><strong>audiendi</strong></span> <span class='ocrx_word' id='word_1_91' title='bbox 426 1600 584 1674; x_wconf 89' lang='lat' dir='ltr'><strong>cupiditate</strong></span> <span class='ocrx_word' id='word_1_92' title='bbox 612 1588 753 1675; x_wconf 81' lang='lat' dir='ltr'><strong>flagraret.</strong></span> <span class='ocrx_word' id='word_1_93' title='bbox 806 1598 895 1657; x_wconf 79' lang='lat' dir='ltr'><strong>Dedit</strong></span> <span class='ocrx_word' id='word_1_94' title='bbox 918 1618 987 1673; x_wconf 88' lang='lat' dir='ltr'><strong>ergo</strong></span> <span class='ocrx_word' id='word_1_95' title='bbox 1011 1599 1080 1657; x_wconf 91' lang='lat' dir='ltr'><strong>huic</strong></span> 
     </span>
     <span class='ocr_line' id='line_1_15' title="bbox 171 1694 1079 1771; baseline 0.001 -20"><span class='ocrx_word' id='word_1_96' title='bbox 171 1696 295 1768; x_wconf 88' lang='lat' dir='ltr'><strong>veniam,</strong></span> <span class='ocrx_word' id='word_1_97' title='bbox 309 1696 472 1771; x_wconf 68' lang='lat' dir='ltr'><strong>magnique</strong></span> <span class='ocrx_word' id='word_1_98' title='bbox 487 1715 553 1752; x_wconf 89' lang='lat' dir='ltr'><strong>eum</strong></span> <span class='ocrx_word' id='word_1_99' title='bbox 579 1694 735 1753; x_wconf 87' lang='lat' dir='ltr'><strong>ambitione</strong></span> <span class='ocrx_word' id='word_1_100' title='bbox 757 1694 915 1768; x_wconf 82' lang='lat' dir='ltr'><strong>Syracusas</strong></span> <span class='ocrx_word' id='word_1_101' title='bbox 936 1695 1079 1770; x_wconf 86' lang='lat' dir='ltr'><strong>perduxit.</strong></span> 
     </span>
     <span class='ocr_line' id='line_1_16' title="bbox 115 1788 1081 1862; baseline 0.002 -17"><span class='ocrx_word' id='word_1_102' title='bbox 115 1790 152 1846; x_wconf 87' lang='lat'><strong>15</strong></span> <span class='ocrx_word' id='word_1_103' title='bbox 170 1789 271 1852; x_wconf 79' lang='lat' dir='ltr'><strong>Quem</strong></span> <span class='ocrx_word' id='word_1_104' title='bbox 285 1789 362 1847; x_wconf 92' lang='lat' dir='ltr'><strong>Dion</strong></span> <span class='ocrx_word' id='word_1_105' title='bbox 378 1788 451 1846; x_wconf 80' lang='lat' dir='ltr'><strong>aded</strong></span> <span class='ocrx_word' id='word_1_106' title='bbox 466 1789 624 1846; x_wconf 90' lang='lat' dir='ltr'><strong>admiratus</strong></span> <span class='ocrx_word' id='word_1_107' title='bbox 647 1801 692 1846; x_wconf 88' lang='lat' dir='ltr'><strong>est</strong></span> <span class='ocrx_word' id='word_1_108' title='bbox 716 1800 801 1862; x_wconf 85' lang='lat' dir='ltr'><strong>atque</strong></span> <span class='ocrx_word' id='word_1_109' title='bbox 821 1788 974 1859; x_wconf 87' lang='lat' dir='ltr'><strong>adamavit,</strong></span> <span class='ocrx_word' id='word_1_110' title='bbox 999 1800 1031 1846; x_wconf 91' lang='lat' dir='ltr'><strong>ut</strong></span> <span class='ocrx_word' id='word_1_111' title='bbox 1050 1809 1081 1847; x_wconf 87' lang='lat' dir='ltr'><strong>se</strong></span> 
     </span>
     <span class='ocr_line' id='line_1_17' title="bbox 171 1881 1108 1962; baseline 0 -20"><span class='ocrx_word' id='word_1_112' title='bbox 171 1895 262 1942; x_wconf 90' lang='lat' dir='ltr'><strong>totum</strong></span> <span class='ocrx_word' id='word_1_113' title='bbox 274 1884 302 1940; x_wconf 91' lang='lat' dir='ltr'><strong>ei</strong></span> <span class='ocrx_word' id='word_1_114' title='bbox 315 1885 448 1941; x_wconf 89' lang='lat' dir='ltr'><strong>traderet.</strong></span> <span class='ocrx_word' id='word_1_115' title='bbox 490 1883 593 1958; x_wconf 84' lang='lat' dir='ltr'><strong>Neque</strong></span> <span class='ocrx_word' id='word_1_116' title='bbox 608 1881 675 1941; x_wconf 80' lang='lat' dir='ltr'><strong>verb</strong></span> <span class='ocrx_word' id='word_1_117' title='bbox 700 1884 782 1941; x_wconf 89' lang='lat' dir='ltr'><strong>Plato</strong></span> <span class='ocrx_word' id='word_1_118' title='bbox 803 1881 900 1941; x_wconf 76' lang='lat' dir='ltr'><strong>minias</strong></span> <span class='ocrx_word' id='word_1_119' title='bbox 921 1884 1082 1942; x_wconf 87' lang='lat' dir='ltr'><strong>delectatus</strong></span> <span class='ocrx_word' id='word_1_120' title='bbox 1105 1958 1108 1962; x_wconf 67' lang='lat'>‚</span> 
     </span>
     <span class='ocr_line' id='line_1_18' title="bbox 170 1977 1081 2052; baseline 0.002 -16"><span class='ocrx_word' id='word_1_121' title='bbox 170 1991 215 2036; x_wconf 90' lang='lat' dir='ltr'><strong>est</strong></span> <span class='ocrx_word' id='word_1_122' title='bbox 228 1978 332 2034; x_wconf 90' lang='lat' dir='ltr'><strong>Dione.</strong></span> <span class='ocrx_word' id='word_1_123' title='bbox 374 1977 476 2051; x_wconf 89' lang='lat' dir='ltr'><strong>Itaque</strong></span> <span class='ocrx_word' id='word_1_124' title='bbox 490 1996 577 2052; x_wconf 85' lang='lat' dir='ltr'><strong>quarn</strong></span> <span class='ocrx_word' id='word_1_125' title='bbox 593 1977 764 2051; x_wconf 90' lang='lat' dir='ltr'><strong>aDionysio</strong></span> <span class='ocrx_word' id='word_1_126' title='bbox 784 1990 907 2052; x_wconf 86' lang='lat' dir='ltr'><strong>tyranno</strong></span> <span class='ocrx_word' id='word_1_127' title='bbox 926 1979 1081 2038; x_wconf 87' lang='lat' dir='ltr'><strong>crudeliter</strong></span> 
     </span>
     <span class='ocr_line' id='line_1_19' title="bbox 170 2071 1081 2147; baseline 0 -17"><span class='ocrx_word' id='word_1_128' title='bbox 170 2073 291 2130; x_wconf 87' lang='lat' dir='ltr'><strong>violatus</strong></span> <span class='ocrx_word' id='word_1_129' title='bbox 302 2083 387 2145; x_wconf 89' lang='lat' dir='ltr'><strong>esset,</strong></span> <span class='ocrx_word' id='word_1_130' title='bbox 402 2072 506 2147; x_wconf 88' lang='lat' dir='ltr'><strong>quippe</strong></span> <span class='ocrx_word' id='word_1_131' title='bbox 528 2091 613 2147; x_wconf 91' lang='lat' dir='ltr'><strong>quern</strong></span> <span class='ocrx_word' id='word_1_132' title='bbox 634 2071 794 2130; x_wconf 88' lang='lat' dir='ltr'><strong>venundari</strong></span> <span class='ocrx_word' id='word_1_133' title='bbox 815 2073 957 2147; x_wconf 88' lang='lat' dir='ltr'><strong>jussisset,</strong></span> <span class='ocrx_word' id='word_1_134' title='bbox 984 2084 1081 2131; x_wconf 88' lang='lat' dir='ltr'><strong>tamen</strong></span> 
     </span>
     <span class='ocr_line' id='line_1_20' title="bbox 170 2164 1082 2243; baseline 0.002 -19"><span class='ocrx_word' id='word_1_135' title='bbox 170 2164 274 2224; x_wconf 82' lang='lat' dir='ltr'><strong>eddem</strong></span> <span class='ocrx_word' id='word_1_136' title='bbox 285 2167 380 2238; x_wconf 89' lang='lat' dir='ltr'><strong>rediit,</strong></span> <span class='ocrx_word' id='word_1_137' title='bbox 396 2167 526 2242; x_wconf 88' lang='lat' dir='ltr'><strong>ejusdem</strong></span> <span class='ocrx_word' id='word_1_138' title='bbox 541 2166 645 2225; x_wconf 90' lang='lat' dir='ltr'><strong>Dionis</strong></span> <span class='ocrx_word' id='word_1_139' title='bbox 658 2167 794 2243; x_wconf 82' lang='lat' dir='ltr'><strong>precibus</strong></span> <span class='ocrx_word' id='word_1_140' title='bbox 809 2168 960 2225; x_wconf 86' lang='lat' dir='ltr'><strong>adductus.</strong></span> <span class='ocrx_word' id='word_1_141' title='bbox 1003 2167 1082 2226; x_wconf 89' lang='lat' dir='ltr'><strong>Inte·</strong></span> 
     </span>
     <span class='ocr_line' id='line_1_21' title="bbox 112 2260 1082 2339; baseline 0.002 -20"><span class='ocrx_word' id='word_1_142' title='bbox 112 2261 152 2319; x_wconf 81' lang='lat'><strong>20</strong></span> <span class='ocrx_word' id='word_1_143' title='bbox 172 2262 226 2319; x_wconf 90' lang='lat' dir='ltr'><strong>rim</strong></span> <span class='ocrx_word' id='word_1_144' title='bbox 250 2261 279 2318; x_wconf 91' lang='lat' dir='ltr'><strong>in</strong></span> <span class='ocrx_word' id='word_1_145' title='bbox 307 2262 438 2317; x_wconf 90' lang='lat' dir='ltr'><strong>morburn</strong></span> <span class='ocrx_word' id='word_1_146' title='bbox 462 2260 565 2318; x_wconf 89' lang='lat' dir='ltr'><strong>incidit</strong></span> <span class='ocrx_word' id='word_1_147' title='bbox 589 2260 756 2335; x_wconf 89' lang='lat' dir='ltr'><strong>Dionysius.</strong></span> <span class='ocrx_word' id='word_1_148' title='bbox 797 2262 867 2325; x_wconf 79' lang='lat' dir='ltr'><strong>Quo</strong></span> <span class='ocrx_word' id='word_1_149' title='bbox 887 2282 976 2337; x_wconf 90' lang='lat' dir='ltr'><strong>quum</strong></span> <span class='ocrx_word' id='word_1_150' title='bbox 1001 2264 1082 2339; x_wconf 85' lang='lat' dir='ltr'><strong>gravi</strong></span> 
     </span>
     <span class='ocr_line' id='line_1_22' title="bbox 172 2355 1082 2433; baseline 0.003 -19"><span class='ocrx_word' id='word_1_151' title='bbox 172 2355 396 2426; x_wconf 86' lang='lat' dir='ltr'><strong>conflictaretur,</strong></span> <span class='ocrx_word' id='word_1_152' title='bbox 410 2355 541 2429; x_wconf 86' lang='lat' dir='ltr'><strong>quaesivit</strong></span> <span class='ocrx_word' id='word_1_153' title='bbox 560 2375 577 2413; x_wconf 86' lang='lat' dir='ltr'><strong>a</strong></span> <span class='ocrx_word' id='word_1_154' title='bbox 597 2357 719 2414; x_wconf 90' lang='lat' dir='ltr'><strong>medicis</strong></span> <span class='ocrx_word' id='word_1_155' title='bbox 741 2357 829 2430; x_wconf 88' lang='lat' dir='ltr'><strong>Dion,</strong></span> <span class='ocrx_word' id='word_1_156' title='bbox 853 2359 1082 2433; x_wconf 80' lang='lat' dir='ltr'><strong>quemadmodum</strong></span> 
     </span>
     <span class='ocr_line' id='line_1_23' title="bbox 172 2449 1083 2527; baseline 0.003 -19"><span class='ocrx_word' id='word_1_157' title='bbox 172 2471 200 2508; x_wconf 84' lang='lat' dir='ltr'><strong>se</strong></span> <span class='ocrx_word' id='word_1_158' title='bbox 214 2449 350 2507; x_wconf 75' lang='lat' dir='ltr'><strong>luberet?</strong></span> <span class='ocrx_word' id='word_1_159' title='bbox 373 2449 513 2523; x_wconf 89' lang='lat' dir='ltr'><strong>simulque</strong></span> <span class='ocrx_word' id='word_1_160' title='bbox 530 2450 566 2506; x_wconf 89' lang='lat' dir='ltr'><strong>ab</strong></span> <span class='ocrx_word' id='word_1_161' title='bbox 580 2449 625 2506; x_wconf 88' lang='lat' dir='ltr'><strong>his</strong></span> <span class='ocrx_word' id='word_1_162' title='bbox 638 2450 731 2525; x_wconf 89' lang='lat' dir='ltr'><strong>petiit,</strong></span> <span class='ocrx_word' id='word_1_163' title='bbox 745 2452 772 2508; x_wconf 84' lang='lat' dir='ltr'><strong>si</strong></span> <span class='ocrx_word' id='word_1_164' title='bbox 777 2449 863 2526; x_wconf 64' lang='lat' dir='ltr'><strong>fort&amp;</strong></span> <span class='ocrx_word' id='word_1_165' title='bbox 886 2451 990 2527; x_wconf 82' lang='lat' dir='ltr'><strong>majori</strong></span> <span class='ocrx_word' id='word_1_166' title='bbox 1011 2462 1083 2511; x_wconf 82' lang='lat' dir='ltr'><strong>essct</strong></span> 
     </span>
     <span class='ocr_line' id='line_1_24' title="bbox 166 2542 1083 2622; baseline 0.004 -19.6"><span class='ocrx_word' id='word_1_167' title='bbox 166 2546 306 2622; x_wconf 79' lang='lat' dir='ltr'><strong>periculo,</strong></span> <span class='ocrx_word' id='word_1_168' title='bbox 321 2552 354 2601; x_wconf 83' lang='lat' dir='ltr'><strong>ut</strong></span> <span class='ocrx_word' id='word_1_169' title='bbox 367 2543 423 2600; x_wconf 79' lang='lat' dir='ltr'><strong>sihi</strong></span> <span class='ocrx_word' id='word_1_170' title='bbox 427 2542 606 2619; x_wconf 81' lang='lat' dir='ltr'><strong>faterentur.</strong></span> <span class='ocrx_word' id='word_1_171' title='bbox 648 2545 726 2602; x_wconf 88' lang='lat' dir='ltr'><strong>Nam</strong></span> <span class='ocrx_word' id='word_1_172' title='bbox 740 2547 808 2603; x_wconf 82' lang='lat' dir='ltr'><strong>celle</strong></span> <span class='ocrx_word' id='word_1_173' title='bbox 821 2565 849 2602; x_wconf 87' lang='lat' dir='ltr'><strong>se</strong></span> <span class='ocrx_word' id='word_1_174' title='bbox 864 2566 924 2602; x_wconf 84' lang='lat' dir='ltr'><strong>cum</strong></span> <span class='ocrx_word' id='word_1_175' title='bbox 949 2567 979 2604; x_wconf 86' lang='lat' dir='ltr'><strong>eo</strong></span> <span class='ocrx_word' id='word_1_176' title='bbox 1001 2550 1083 2606; x_wconf 85' lang='lat' dir='ltr'><strong>collo·</strong></span> 
     </span>
     <span class='ocr_line' id='line_1_25' title="bbox 172 2637 1083 2715; baseline 0.004 -18"><span class='ocrx_word' id='word_1_177' title='bbox 172 2640 222 2715; x_wconf 82' lang='lat' dir='ltr'><strong>qui</strong></span> <span class='ocrx_word' id='word_1_178' title='bbox 236 2639 269 2696; x_wconf 82' lang='lat' dir='ltr'><strong>de</strong></span> <span class='ocrx_word' id='word_1_179' title='bbox 277 2639 433 2715; x_wconf 81' lang='lat' dir='ltr'><strong>partiendo</strong></span> <span class='ocrx_word' id='word_1_180' title='bbox 448 2657 556 2713; x_wconf 81' lang='lat' dir='ltr'><strong>regno:</strong></span> <span class='ocrx_word' id='word_1_181' title='bbox 577 2637 654 2713; x_wconf 65' lang='lat' dir='ltr'><strong>qued</strong></span> <span class='ocrx_word' id='word_1_182' title='bbox 669 2640 772 2697; x_wconf 90' lang='lat' dir='ltr'><strong>sororis</strong></span> <span class='ocrx_word' id='word_1_183' title='bbox 797 2658 855 2695; x_wconf 83' lang='lat' dir='ltr'><strong>suae</strong></span> <span class='ocrx_word' id='word_1_184' title='bbox 878 2639 952 2696; x_wconf 90' lang='lat' dir='ltr'><strong>filios</strong></span> <span class='ocrx_word' id='word_1_185' title='bbox 976 2660 1013 2698; x_wconf 89' lang='lat' dir='ltr'><strong>ex</strong></span> <span class='ocrx_word' id='word_1_186' title='bbox 1034 2643 1083 2701; x_wconf 94' lang='lat' dir='ltr'><strong>illo</strong></span> 
     </span>
     <span class='ocr_line' id='line_1_26' title="bbox 112 2732 1084 2809; baseline 0.002 -16"><span class='ocrx_word' id='word_1_187' title='bbox 112 2733 153 2793; x_wconf 76' lang='lat'><strong>25</strong></span> <span class='ocrx_word' id='word_1_188' title='bbox 172 2746 256 2792; x_wconf 88' lang='lat' dir='ltr'><strong>natos</strong></span> <span class='ocrx_word' id='word_1_189' title='bbox 266 2744 376 2809; x_wconf 90' lang='lat' dir='ltr'><strong>partem</strong></span> <span class='ocrx_word' id='word_1_190' title='bbox 398 2732 481 2808; x_wconf 88' lang='lat' dir='ltr'><strong>regni</strong></span> <span class='ocrx_word' id='word_1_191' title='bbox 503 2733 623 2807; x_wconf 89' lang='lat' dir='ltr'><strong>putabat</strong></span> <span class='ocrx_word' id='word_1_192' title='bbox 642 2732 748 2789; x_wconf 88' lang='lat' dir='ltr'><strong>debere</strong></span> <span class='ocrx_word' id='word_1_193' title='bbox 770 2733 884 2789; x_wconf 90' lang='lat' dir='ltr'><strong>habere.</strong></span> <span class='ocrx_word' id='word_1_194' title='bbox 925 2732 961 2789; x_wconf 95' lang='lat' dir='ltr'><strong>Id</strong></span> <span class='ocrx_word' id='word_1_195' title='bbox 975 2738 1084 2795; x_wconf 89' lang='lat' dir='ltr'><strong>medici</strong></span> 
     </span>
     <span class='ocr_line' id='line_1_27' title="bbox 172 2826 1082 2902; baseline 0.005 -15"><span class='ocrx_word' id='word_1_196' title='bbox 172 2848 231 2887; x_wconf 92' lang='lat' dir='ltr'><strong>non</strong></span> <span class='ocrx_word' id='word_1_197' title='bbox 245 2839 409 2900; x_wconf 86' lang='lat' dir='ltr'><strong>tacuerunt,</strong></span> <span class='ocrx_word' id='word_1_198' title='bbox 423 2839 452 2884; x_wconf 92' lang='lat' dir='ltr'><strong>et</strong></span> <span class='ocrx_word' id='word_1_199' title='bbox 469 2828 504 2884; x_wconf 92' lang='lat' dir='ltr'><strong>ad</strong></span> <span class='ocrx_word' id='word_1_200' title='bbox 526 2826 698 2902; x_wconf 89' lang='lat' dir='ltr'><strong>Dionysium</strong></span> <span class='ocrx_word' id='word_1_201' title='bbox 720 2827 810 2885; x_wconf 88' lang='lat' dir='ltr'><strong>filium</strong></span> <span class='ocrx_word' id='word_1_202' title='bbox 831 2847 992 2886; x_wconf 88' lang='lat' dir='ltr'><strong>sermonem</strong></span> <span class='ocrx_word' id='word_1_203' title='bbox 1007 2844 1082 2893; x_wconf 87' lang='lat' dir='ltr'><strong>retu·</strong></span> 
     </span>
     <span class='ocr_line' id='line_1_28' title="bbox 172 2922 1083 3000; baseline 0.001 -17"><span class='ocrx_word' id='word_1_204' title='bbox 172 2926 276 2984; x_wconf 89' lang='lat' dir='ltr'><strong>lerunt.</strong></span> <span class='ocrx_word' id='word_1_205' title='bbox 317 2923 388 2986; x_wconf 79' lang='lat' dir='ltr'><strong>Quo</strong></span> <span class='ocrx_word' id='word_1_206' title='bbox 402 2923 449 2980; x_wconf 92' lang='lat' dir='ltr'><strong>ille</strong></span> <span class='ocrx_word' id='word_1_207' title='bbox 472 2935 642 2994; x_wconf 89' lang='lat' dir='ltr'><strong>commotus,</strong></span> <span class='ocrx_word' id='word_1_208' title='bbox 668 2943 706 2980; x_wconf 89' lang='lat' dir='ltr'><strong>ne</strong></span> <span class='ocrx_word' id='word_1_209' title='bbox 728 2922 833 3000; x_wconf 90' lang='lat' dir='ltr'><strong>agendi</strong></span> <span class='ocrx_word' id='word_1_210' title='bbox 857 2943 924 2981; x_wconf 88' lang='lat' dir='ltr'><strong>curn</strong></span> <span class='ocrx_word' id='word_1_211' title='bbox 950 2943 985 2983; x_wconf 93' lang='lat' dir='ltr'><strong>eo</strong></span> <span class='ocrx_word' id='word_1_212' title='bbox 1006 2938 1083 2984; x_wconf 88' lang='lat' dir='ltr'><strong>esset</strong></span> 
     </span>
     <span class='ocr_line' id='line_1_29' title="bbox 174 3018 1082 3096; baseline 0.003 -20"><span class='ocrx_word' id='word_1_213' title='bbox 174 3019 262 3077; x_wconf 91' lang='lat' dir='ltr'><strong>Dioni</strong></span> <span class='ocrx_word' id='word_1_214' title='bbox 277 3030 412 3096; x_wconf 85' lang='lat' dir='ltr'><strong>potestas,</strong></span> <span class='ocrx_word' id='word_1_215' title='bbox 426 3018 500 3094; x_wconf 89' lang='lat' dir='ltr'><strong>patri</strong></span> <span class='ocrx_word' id='word_1_216' title='bbox 512 3038 642 3095; x_wconf 90' lang='lat' dir='ltr'><strong>soporem</strong></span> <span class='ocrx_word' id='word_1_217' title='bbox 651 3019 779 3078; x_wconf 89' lang='lat' dir='ltr'><strong>medicos</strong></span> <span class='ocrx_word' id='word_1_218' title='bbox 790 3021 858 3077; x_wconf 87' lang='lat' dir='ltr'><strong>dare</strong></span> <span class='ocrx_word' id='word_1_219' title='bbox 868 3019 973 3095; x_wconf 73' lang='lat' dir='ltr'><strong>coegit.</strong></span> <span class='ocrx_word' id='word_1_220' title='bbox 1015 3021 1082 3079; x_wconf 91' lang='lat' dir='ltr'><strong>Hoc</strong></span> 
     </span>
     <span class='ocr_line' id='line_1_30' title="bbox 175 3114 1048 3190; baseline 0.001 -19"><span class='ocrx_word' id='word_1_221' title='bbox 175 3132 251 3189; x_wconf 81' lang='lat' dir='ltr'><strong>aeger</strong></span> <span class='ocrx_word' id='word_1_222' title='bbox 265 3127 388 3189; x_wconf 88' lang='lat' dir='ltr'><strong>sumpto,</strong></span> <span class='ocrx_word' id='word_1_223' title='bbox 403 3127 434 3172; x_wconf 86' lang='lat' dir='ltr'><strong>ut</strong></span> <span class='ocrx_word' id='word_1_224' title='bbox 449 3133 550 3172; x_wconf 89' lang='lat' dir='ltr'><strong>somno</strong></span> <span class='ocrx_word' id='word_1_225' title='bbox 562 3114 681 3190; x_wconf 89' lang='lat' dir='ltr'><strong>sopitus,</strong></span> <span class='ocrx_word' id='word_1_226' title='bbox 695 3115 772 3171; x_wconf 90' lang='lat' dir='ltr'><strong>diem</strong></span> <span class='ocrx_word' id='word_1_227' title='bbox 784 3114 855 3172; x_wconf 91' lang='lat' dir='ltr'><strong>obiit</strong></span> <span class='ocrx_word' id='word_1_228' title='bbox 873 3133 1048 3188; x_wconf 83' lang='lat' dir='ltr'><strong>supremum.</strong></span> 
     </span>
     <span class='ocr_line' id='line_1_31' title="bbox 114 3206 1099 3283; baseline 0 -16"><span class='ocrx_word' id='word_1_229' title='bbox 114 3208 155 3267; x_wconf 79' lang='grc'><strong>30</strong></span> <span class='ocrx_word' id='word_1_230' title='bbox 214 3207 272 3264; x_wconf 93' lang='grc' dir='ltr'><strong>ΙΙΙ.</strong></span> <span class='ocrx_word' id='word_1_231' title='bbox 314 3208 389 3265; x_wconf 88' lang='lat' dir='ltr'><strong>Tale</strong></span> <span class='ocrx_word' id='word_1_232' title='bbox 404 3206 587 3266; x_wconf 68' lang='lat' dir='ltr'><strong>initium&#39;fuit</strong></span> <span class='ocrx_word' id='word_1_233' title='bbox 600 3208 704 3266; x_wconf 91' lang='lat' dir='ltr'><strong>Dionis</strong></span> <span class='ocrx_word' id='word_1_234' title='bbox 718 3219 747 3265; x_wconf 90' lang='lat' dir='ltr'><strong>et</strong></span> <span class='ocrx_word' id='word_1_235' title='bbox 760 3206 893 3281; x_wconf 86' lang='lat' dir='ltr'><strong>Dionysii</strong></span> <span class='ocrx_word' id='word_1_236' title='bbox 917 3208 1081 3283; x_wconf 87' lang='lat' dir='ltr'><strong>simultatis,</strong></span> <span class='ocrx_word' id='word_1_237' title='bbox 1097 3273 1099 3278; x_wconf 57' lang='grc'>,</span> 
     </span>
     <span class='ocr_line' id='line_1_32' title="bbox 175 3301 1083 3377; baseline 0.001 -17"><span class='ocrx_word' id='word_1_238' title='bbox 175 3320 265 3377; x_wconf 84' lang='lat' dir='ltr'><strong>eaque</strong></span> <span class='ocrx_word' id='word_1_239' title='bbox 280 3302 377 3360; x_wconf 90' lang='lat' dir='ltr'><strong>multis</strong></span> <span class='ocrx_word' id='word_1_240' title='bbox 390 3305 477 3361; x_wconf 89' lang='lat' dir='ltr'><strong>rebus</strong></span> <span class='ocrx_word' id='word_1_241' title='bbox 491 3314 577 3361; x_wconf 88' lang='lat' dir='ltr'><strong>aucta</strong></span> <span class='ocrx_word' id='word_1_242' title='bbox 594 3313 646 3360; x_wconf 89' lang='lat' dir='ltr'><strong>est.</strong></span> <span class='ocrx_word' id='word_1_243' title='bbox 690 3303 749 3359; x_wconf 84' lang='lat' dir='ltr'><strong>Sed</strong></span> <span class='ocrx_word' id='word_1_244' title='bbox 770 3313 867 3359; x_wconf 86' lang='lat' dir='ltr'><strong>tamen</strong></span> <span class='ocrx_word' id='word_1_245' title='bbox 889 3301 989 3376; x_wconf 87' lang='lat' dir='ltr'><strong>primis</strong></span> <span class='ocrx_word' id='word_1_246' title='bbox 1011 3314 1083 3361; x_wconf 89' lang='lat' dir='ltr'><strong>teur-</strong></span> 
     </span>
     <span class='ocr_line' id='line_1_33' title="bbox 175 3393 1079 3472; baseline 0.003 -19"><span class='ocrx_word' id='word_1_247' title='bbox 175 3395 292 3472; x_wconf 84' lang='lat' dir='ltr'><strong>poribus</strong></span> <span class='ocrx_word' id='word_1_248' title='bbox 307 3395 472 3470; x_wconf 86' lang='lat' dir='ltr'><strong>aliquandiu</strong></span> <span class='ocrx_word' id='word_1_249' title='bbox 488 3397 622 3454; x_wconf 86' lang='lat' dir='ltr'><strong>simulata</strong></span> <span class='ocrx_word' id='word_1_250' title='bbox 645 3396 720 3455; x_wconf 88' lang='lat' dir='ltr'><strong>inter</strong></span> <span class='ocrx_word' id='word_1_251' title='bbox 743 3415 793 3454; x_wconf 89' lang='lat' dir='ltr'><strong>eos</strong></span> <span class='ocrx_word' id='word_1_252' title='bbox 816 3393 942 3453; x_wconf 88' lang='lat' dir='ltr'><strong>amicitia</strong></span> <span class='ocrx_word' id='word_1_253' title='bbox 964 3398 1079 3456; x_wconf 88' lang='lat' dir='ltr'><strong>mansit.</strong></span> 
     </span>
     <span class='ocr_line' id='line_1_34' title="bbox 174 3488 1082 3566; baseline 0.002 -18"><span class='ocrx_word' id='word_1_254' title='bbox 174 3488 334 3566; x_wconf 81' lang='lat' dir='ltr'><strong>Quumque</strong></span> <span class='ocrx_word' id='word_1_255' title='bbox 354 3490 431 3550; x_wconf 86' lang='lat' dir='ltr'><strong>Dion</strong></span> <span class='ocrx_word' id='word_1_256' title='bbox 450 3510 509 3551; x_wconf 75' lang='lat' dir='ltr'><strong>usn</strong></span> <span class='ocrx_word' id='word_1_257' title='bbox 523 3491 674 3550; x_wconf 87' lang='lat' dir='ltr'><strong>desisteret</strong></span> <span class='ocrx_word' id='word_1_258' title='bbox 686 3492 838 3550; x_wconf 90' lang='lat' dir='ltr'><strong>obsecrare</strong></span> <span class='ocrx_word' id='word_1_259' title='bbox 852 3488 1035 3564; x_wconf 87' lang='lat' dir='ltr'><strong>Dionysium,</strong></span> <span class='ocrx_word' id='word_1_260' title='bbox 1049 3506 1082 3552; x_wconf 81' lang='lat' dir='ltr'><strong>ut</strong></span> 
     </span>
    </p>
   </div>
   <div class='ocr_carea' id='block_1_3' title="bbox 0 0 1208 4132">
    <p class='ocr_par' dir='ltr' id='par_1_3' title="bbox 0 0 1208 4132">
     <span class='ocr_line' id='line_1_35' title="bbox 0 0 1208 4132; baseline 0 0"><span class='ocrx_word' id='word_1_261' title='bbox 0 0 1208 4132; x_wconf 95' lang='lat' dir='ltr'><strong> </strong></span> 
     </span>
    </p>
   </div>
  </div>
 </body>
</html>
