2392 4132
106 321 146 381 80
525 335 704 384 EUMENES.

165 491 270 562 studio,
294 490 371 567 qubd
395 492 425 549 in
447 492 562 550 homine
583 492 670 550 fidem
692 503 722 550 et
742 492 912 550 industriam
936 512 1072 569 magnam

86 617 94 641 t
165 586 296 655 videbat;
318 605 376 643 non
390 587 536 660 dubitans,
551 587 576 644 si
594 607 661 644 eum
681 587 856 663 pellexisset,
876 607 982 664 magno
1006 589 1072 646 usui

166 681 225 740 lbre
240 680 295 738 sibi
308 681 338 737 iu
350 681 395 739 his
408 682 504 755 rebus,
519 700 590 757 quas
605 683 768 758 apparabat.
809 681 964 759 Cogitabat
982 683 1071 753 enim,

165 774 241 849 quod
256 774 315 832 fere
328 795 429 833 omnes
443 776 473 833 in
487 777 601 852 magnis
622 777 749 853 imperiis
772 777 993 852 concupiscunt,
1014 796 1074 834 om-

124 869 246 927 5nium
272 880 369 944 partes
395 870 538 946 corripere
563 882 647 946 atque
674 872 836 948 complecti.
878 871 981 947 Neque
1006 871 1073 929 verb

166 965 221 1022 hoc
235 965 284 1022 ille
297 966 376 1023 solus
389 966 476 1036 secit;
499 966 551 1023 sed
564 965 662 1025 ceteri
672 985 784 1041 quoque
798 985 909 1037 omnes,
924 967 973 1042 qui
987 967 1076 1023 Alex·

166 1059 247 1116 andri
268 1061 382 1118 fuerant
405 1060 499 1117 amici.
541 1061 655 1119 Primus
678 1061 846 1119 Leonnatus
870 1061 1075 1119 Macedoniam

166 1173 368 1230 preoccupare
392 1154 593 1213 destinaverat.
635 1154 673 1239 lg
687 1155 784 1213 multis
806 1155 975 1231 magnisque
996 1155 1077 1231 polli-

135 1268 138 1272 ·
167 1248 352 1306 citationibus
364 1248 538 1324 persuadere
561 1248 687 1306 Eumeni
709 1249 828 1323 studuit,
852 1261 885 1307 ut
905 1249 1077 1307 Perdiccam

111 1343 148 1401 10
168 1344 322 1416 desereret,
337 1363 371 1401 ac
383 1362 483 1401 secum
497 1345 606 1403 faceret
629 1343 806 1402 societatem.
846 1344 949 1405 Quum
971 1345 1078 1419 perdu-

168 1458 234 1496 cere
248 1458 315 1496 eum
328 1458 387 1497 non
400 1449 507 1515 posset,
521 1438 684 1497 interficere
695 1451 817 1497 conatus
830 1449 875 1496 est
886 1458 893 1509 ;
909 1449 937 1496 et
949 1438 1077 1512 fecisset,

167 1532 223 1590 nisi
238 1533 286 1590 ille
299 1534 375 1591 clam
389 1545 477 1591 noctu
494 1553 530 1591 ex
543 1533 684 1610 presidiis
696 1533 761 1609 ejus
775 1532 931 1609 effugisset.

208 1627 265 1684 III.
306 1627 427 1686 Interim
441 1627 566 1686 conflata
579 1638 646 1686 suut
660 1627 710 1685 illa
730 1628 816 1700 bella,
841 1645 904 1701 quoe
929 1626 965 1683 ad
990 1625 1079 1685 inter·

169 1723 321 1780 necionem
334 1734 398 1798 post
413 1723 573 1781 Alexandri
586 1732 707 1780 mortem
721 1732 802 1798 gesta
813 1732 896 1778 sunt:
918 1739 1077 1796 omnesque

112 1815 149 1874 15
171 1828 379 1874 concurrerunt
393 1818 429 1873 ad
443 1817 613 1874 Perdiccam
631 1816 859 1892 opprimendum.
900 1815 1000 1876 Quem
1021 1814 1077 1872 etsi

170 1910 314 1968 infirmum
334 1910 458 1982 videbat,
482 1908 559 1985 qudd
583 1930 659 1968 unus
679 1910 814 1968 omnibus
837 1909 970 1968 resistere
994 1928 1080 1986 coge-

169 2004 262 2076 batur,
275 2015 372 2062 tamen
387 2005 512 2060 amicum
526 2022 585 2062 non
599 2004 742 2074 deseruit3
763 2023 857 2079 neque
869 2004 979 2076 salutis,
990 2001 1078 2078 quim

168 2098 247 2171 fidei,
259 2099 313 2157 suit
326 2099 465 2174 cupidior.
507 2099 680 2158 Praefecerat
693 2117 759 2156 eum
774 2098 929 2156 Perdiccas
953 2098 981 2155 ei
1004 2098 1080 2173 parti

170 2192 260 2265 Asiae,
281 2193 433 2268 quainter
457 2192 589 2251 Taurum
611 2205 738 2251 montem
757 2193 836 2268 jacet
860 2205 944 2267 atque
966 2192 1080 2250 Helles·

109 2287 150 2347 20
169 2299 305 2363 pontum3
326 2298 356 2345 et
369 2287 449 2344 illum
458 2306 548 2344 uuum
558 2299 730 2364 opposuerat
741 2286 889 2362 Europaeis
899 2287 1078 2345 adversariis.

170 2381 237 2456 Ipse
252 2381 409 2455 AEgyptum
429 2392 626 2456 oppugnatum
646 2378 783 2439 adversius
807 2381 993 2440 Ptolemaeum
1018 2394 1082 2440 erat

169 2475 322 2549 profectus.
364 2473 511 2532 Eumenes
524 2494 612 2550 quum
626 2494 721 2551 neque
732 2495 852 2552 magnas
864 2477 975 2551 copias,
985 2496 1081 2551 neque

170 2569 266 2626 firmas
288 2569 415 2642 haberet,
436 2568 514 2645 quod
536 2569 741 2643 inexercitatae,
764 2582 793 2628 et
814 2589 872 2626 non
896 2568 987 2626 multd
1011 2570 1080 2629 ante

169 2674 253 2720 erant
272 2675 426 2722 contractae
438 2683 445 2733 ;
469 2665 623 2722 adventare
648 2676 743 2722 autem
766 2663 941 2735 dicerentur,
967 2664 1081 2724 Ilelles·

110 2758 152 2817 25
171 2769 346 2833 pontumque
360 2756 497 2816 transisse
512 2757 666 2833 Antipater
679 2770 709 2816 et
723 2758 871 2830 Craterus,
894 2777 1000 2835 magno
1012 2779 1079 2817 cum

170 2853 299 2913 exercitu
313 2852 519 2926 Macedonum,
533 2852 586 2910 viri
599 2871 688 2927 quum
701 2853 843 2926 claritate,
867 2864 929 2911 tum
942 2874 996 2912 usu
1011 2856 1080 2913 belli

170 2960 353 3025 praestantes:
376 2946 569 3024 (Macedones
578 2946 645 3005 verb
656 2947 762 3007 milites
772 2948 808 3005 ei
819 2960 889 3007 tunc
897 2960 980 3006 erant
991 2951 1079 3024 sami,

170 3043 228 3118 qui
241 3063 321 3101 nunc
335 3041 462 3101 Romani
477 3043 626 3113 feruntur;
646 3044 756 3102 etenim
770 3063 883 3120 semper
897 3044 988 3101 habiti
1012 3058 1081 3105 sunt

171 3136 327 3210 fortissimi,
349 3136 397 3212 qui
420 3156 561 3195 summam
583 3136 697 3213 imperii
717 3138 910 3216 potirentur;)
932 3138 1081 3198 Eumenes

111 3231 152 3289 30
172 3229 360 3306 intelligebat,
374 3231 399 3288 si
423 3231 513 3307 copim
534 3249 593 3290 suaa
618 3244 828 3309 cognoscerent
849 3231 985 3291 adversius
1009 3254 1081 3310 quos

171 3324 356 3398 ducerentur,
371 3345 429 3384 non
443 3324 528 3384 modd
543 3345 601 3384 nun
616 3325 716 3400 ituras,
731 3328 782 3384 sed
796 3327 880 3385 simul
895 3339 961 3385 c'um
978 3330 1082 3388 nuntio

171 3418 339 3496 dilapsuras.
381 3420 483 3497 Itaque
504 3421 560 3479 hoc
584 3421 648 3497 ejus
664 3421 718 3480 luit
737 3423 993 3499 prudentissimum
1013 3442 1083 3482 con-

169 3511 278 3587 silium,
305 3525 337 3573 ut
357 3515 448 3573 deviis
471 3514 623 3575 itineribus
643 3516 750 3575 militas
773 3518 903 3591 duceret,
926 3518 1083 3593 inquibus
