<?xml version="1.0" encoding="UTF-8"?>
<!DOCTYPE html PUBLIC "-//W3C//DTD XHTML 1.0 Transitional//EN"
    "http://www.w3.org/TR/xhtml1/DTD/xhtml1-transitional.dtd">
<html xmlns="http://www.w3.org/1999/xhtml" xml:lang="en" lang="en">
 <head>
  <title>
</title>
<meta http-equiv="Content-Type" content="text/html;charset=utf-8" />
  <meta name='ocr-system' content='tesseract 3.04.00' />
  <meta name='ocr-capabilities' content='ocr_page ocr_carea ocr_par ocr_line ocrx_word'/>
</head>
<body>
  <div class='ocr_page' id='page_1' title='image "./devitaexcellent00nepogoog_0041.png"; bbox 0 0 2392 4132; ppageno 0'>
   <div class='ocr_carea' id='block_1_1' title="bbox 113 291 738 351">
    <p class='ocr_par' dir='ltr' id='par_1_1' title="bbox 113 291 738 351">
     <span class='ocr_line' id='line_1_1' title="bbox 113 291 738 351; baseline -0.01 0"><span class='ocrx_word' id='word_1_1' title='bbox 113 291 154 351; x_wconf 75' lang='lat'><strong>30</strong></span> <span class='ocrx_word' id='word_1_2' title='bbox 511 297 738 348; x_wconf 83' lang='lat' dir='ltr'><strong>ALCIBIADES.</strong></span> 
     </span>
    </p>
   </div>
   <div class='ocr_carea' id='block_1_2' title="bbox 109 455 1090 2724">
    <p class='ocr_par' dir='ltr' id='par_1_2' title="bbox 109 455 1090 2724">
     <span class='ocr_line' id='line_1_2' title="bbox 172 455 1088 534; baseline -0.001 -17"><span class='ocrx_word' id='word_1_3' title='bbox 172 460 340 534; x_wconf 77' lang='lat' dir='ltr'><strong>praefectum</strong></span> <span class='ocrx_word' id='word_1_4' title='bbox 363 457 457 534; x_wconf 86' lang='lat' dir='ltr'><strong>Regis</strong></span> <span class='ocrx_word' id='word_1_5' title='bbox 482 457 575 530; x_wconf 90' lang='lat' dir='ltr'><strong>Darii,</strong></span> <span class='ocrx_word' id='word_1_6' title='bbox 597 478 628 515; x_wconf 88' lang='lat' dir='ltr'><strong>se</strong></span> <span class='ocrx_word' id='word_1_7' title='bbox 652 457 784 515; x_wconf 90' lang='lat' dir='ltr'><strong>contulit.</strong></span> <span class='ocrx_word' id='word_1_8' title='bbox 827 455 920 532; x_wconf 80' lang='lat' dir='ltr'><strong>Cujus</strong></span> <span class='ocrx_word' id='word_1_9' title='bbox 941 476 1030 532; x_wconf 87' lang='lat' dir='ltr'><strong>quum</strong></span> <span class='ocrx_word' id='word_1_10' title='bbox 1057 457 1088 516; x_wconf 90' lang='lat' dir='ltr'><strong>in</strong></span> 
     </span>
     <span class='ocr_line' id='line_1_3' title="bbox 173 551 1088 635; baseline 0.001 -25"><span class='ocrx_word' id='word_1_11' title='bbox 173 553 304 612; x_wconf 91' lang='lat' dir='ltr'><strong>intimam</strong></span> <span class='ocrx_word' id='word_1_12' title='bbox 319 552 476 611; x_wconf 80' lang='lat' dir='ltr'><strong>amicitiam</strong></span> <span class='ocrx_word' id='word_1_13' title='bbox 490 553 679 635; x_wconf 85' lang='lat' dir='ltr'><strong>pervenisset,</strong></span> <span class='ocrx_word' id='word_1_14' title='bbox 696 564 725 610; x_wconf 93' lang='lat' dir='ltr'><strong>et</strong></span> <span class='ocrx_word' id='word_1_15' title='bbox 750 551 988 627; x_wconf 83' lang='lat' dir='ltr'><strong>Atheniensium,</strong></span> <span class='ocrx_word' id='word_1_16' title='bbox 1011 555 1088 611; x_wconf 76' lang='lat' dir='ltr'><strong>male</strong></span> 
     </span>
     <span class='ocr_line' id='line_1_4' title="bbox 171 647 1090 725; baseline 0.001 -20"><span class='ocrx_word' id='word_1_17' title='bbox 171 648 261 725; x_wconf 84' lang='lat' dir='ltr'><strong>gestis</strong></span> <span class='ocrx_word' id='word_1_18' title='bbox 275 648 305 705; x_wconf 89' lang='lat' dir='ltr'><strong>in</strong></span> <span class='ocrx_word' id='word_1_19' title='bbox 321 647 423 705; x_wconf 71' lang='lat' dir='ltr'><strong>Sicilia</strong></span> <span class='ocrx_word' id='word_1_20' title='bbox 435 649 532 722; x_wconf 86' lang='lat' dir='ltr'><strong>rebus,</strong></span> <span class='ocrx_word' id='word_1_21' title='bbox 546 668 616 724; x_wconf 91' lang='lat' dir='ltr'><strong>opes</strong></span> <span class='ocrx_word' id='word_1_22' title='bbox 637 668 802 721; x_wconf 80' lang='lat' dir='ltr'>senescere,</span> <span class='ocrx_word' id='word_1_23' title='bbox 827 647 929 707; x_wconf 77' lang='lat' dir='ltr'><strong>eontra</strong></span> <span class='ocrx_word' id='word_1_24' title='bbox 950 648 1090 706; x_wconf 86' lang='lat' dir='ltr'><strong>Lacedae·</strong></span> 
     </span>
     <span class='ocr_line' id='line_1_5' title="bbox 171 743 1090 822; baseline 0.003 -21"><span class='ocrx_word' id='word_1_25' title='bbox 171 744 334 802; x_wconf 84' lang='lat' dir='ltr'><strong>munierum</strong></span> <span class='ocrx_word' id='word_1_26' title='bbox 348 764 491 816; x_wconf 84' lang='lat' dir='ltr'><strong>crescere,</strong></span> <span class='ocrx_word' id='word_1_27' title='bbox 505 745 636 814; x_wconf 82' lang='lat' dir='ltr'><strong>videret3</strong></span> <span class='ocrx_word' id='word_1_28' title='bbox 658 743 741 802; x_wconf 89' lang='lat' dir='ltr'><strong>initio</strong></span> <span class='ocrx_word' id='word_1_29' title='bbox 763 763 831 801; x_wconf 91' lang='lat' dir='ltr'><strong>cum</strong></span> <span class='ocrx_word' id='word_1_30' title='bbox 852 743 995 802; x_wconf 81' lang='lat' dir='ltr'><strong>Pisandro</strong></span> <span class='ocrx_word' id='word_1_31' title='bbox 1019 766 1090 822; x_wconf 82' lang='lat' dir='ltr'><strong>prae·</strong></span> 
     </span>
     <span class='ocr_line' id='line_1_6' title="bbox 130 839 1090 916; baseline 0 -18"><span class='ocrx_word' id='word_1_32' title='bbox 130 839 153 898; x_wconf 74' lang='lat' dir='ltr'><strong>d</strong></span> <span class='ocrx_word' id='word_1_33' title='bbox 171 851 243 912; x_wconf 87' lang='lat' dir='ltr'><strong>tore,</strong></span> <span class='ocrx_word' id='word_1_34' title='bbox 257 839 307 915; x_wconf 88' lang='lat' dir='ltr'><strong>qui</strong></span> <span class='ocrx_word' id='word_1_35' title='bbox 321 840 397 916; x_wconf 88' lang='lat' dir='ltr'><strong>apud</strong></span> <span class='ocrx_word' id='word_1_36' title='bbox 413 841 532 898; x_wconf 81' lang='lat' dir='ltr'><strong>Samum</strong></span> <span class='ocrx_word' id='word_1_37' title='bbox 547 840 707 898; x_wconf 88' lang='lat' dir='ltr'><strong>exercitum</strong></span> <span class='ocrx_word' id='word_1_38' title='bbox 727 839 863 912; x_wconf 90' lang='lat' dir='ltr'><strong>habebat,</strong></span> <span class='ocrx_word' id='word_1_39' title='bbox 878 858 929 916; x_wconf 89' lang='lat' dir='ltr'><strong>per</strong></span> <span class='ocrx_word' id='word_1_40' title='bbox 938 839 1090 899; x_wconf 90' lang='lat' dir='ltr'><strong>internun-</strong></span> 
     </span>
     <span class='ocr_line' id='line_1_7' title="bbox 171 934 1089 1011; baseline 0.002 -18"><span class='ocrx_word' id='word_1_41' title='bbox 171 935 226 993; x_wconf 91' lang='lat' dir='ltr'><strong>tios</strong></span> <span class='ocrx_word' id='word_1_42' title='bbox 241 935 422 1011; x_wconf 73' lang='lat' dir='ltr'><strong>colloquitur,</strong></span> <span class='ocrx_word' id='word_1_43' title='bbox 437 947 467 995; x_wconf 92' lang='lat' dir='ltr'><strong>et</strong></span> <span class='ocrx_word' id='word_1_44' title='bbox 480 937 516 993; x_wconf 91' lang='lat' dir='ltr'><strong>de</strong></span> <span class='ocrx_word' id='word_1_45' title='bbox 531 936 626 996; x_wconf 91' lang='lat' dir='ltr'><strong>reditu</strong></span> <span class='ocrx_word' id='word_1_46' title='bbox 641 956 693 995; x_wconf 86' lang='lat' dir='ltr'><strong>suo</strong></span> <span class='ocrx_word' id='word_1_47' title='bbox 708 934 778 994; x_wconf 89' lang='lat' dir='ltr'><strong>facit</strong></span> <span class='ocrx_word' id='word_1_48' title='bbox 786 934 974 994; x_wconf 88' lang='lat' dir='ltr'><strong>mentionem.</strong></span> <span class='ocrx_word' id='word_1_49' title='bbox 1017 935 1089 996; x_wconf 84' lang='lat' dir='ltr'><strong>Erat</strong></span> 
     </span>
     <span class='ocr_line' id='line_1_8' title="bbox 171 1031 1089 1108; baseline 0 -19"><span class='ocrx_word' id='word_1_50' title='bbox 171 1031 250 1089; x_wconf 89' lang='lat' dir='ltr'><strong>enim</strong></span> <span class='ocrx_word' id='word_1_51' title='bbox 275 1034 388 1105; x_wconf 88' lang='lat' dir='ltr'><strong>eodem,</strong></span> <span class='ocrx_word' id='word_1_52' title='bbox 412 1052 469 1108; x_wconf 93' lang='lat' dir='ltr'><strong>quo</strong></span> <span class='ocrx_word' id='word_1_53' title='bbox 497 1032 678 1104; x_wconf 85' lang='lat' dir='ltr'><strong>Alcibiades,</strong></span> <span class='ocrx_word' id='word_1_54' title='bbox 706 1050 804 1103; x_wconf 88' lang='lat' dir='ltr'><strong>sensu,</strong></span> <span class='ocrx_word' id='word_1_55' title='bbox 831 1031 929 1107; x_wconf 92' lang='lat' dir='ltr'><strong>populi</strong></span> <span class='ocrx_word' id='word_1_56' title='bbox 951 1031 1089 1108; x_wconf 83' lang='lat' dir='ltr'><strong>potentiae</strong></span> 
     </span>
     <span class='ocr_line' id='line_1_9' title="bbox 172 1127 1088 1204; baseline 0.002 -21"><span class='ocrx_word' id='word_1_57' title='bbox 172 1145 230 1183; x_wconf 92' lang='lat' dir='ltr'><strong>non</strong></span> <span class='ocrx_word' id='word_1_58' title='bbox 246 1127 366 1200; x_wconf 85' lang='lat' dir='ltr'><strong>amicus,</strong></span> <span class='ocrx_word' id='word_1_59' title='bbox 381 1140 411 1186; x_wconf 92' lang='lat' dir='ltr'><strong>et</strong></span> <span class='ocrx_word' id='word_1_60' title='bbox 431 1128 602 1204; x_wconf 91' lang='lat' dir='ltr'><strong>optimatum</strong></span> <span class='ocrx_word' id='word_1_61' title='bbox 624 1128 725 1185; x_wconf 81' lang='lat' dir='ltr'><strong>fautor.</strong></span> <span class='ocrx_word' id='word_1_62' title='bbox 768 1127 817 1184; x_wconf 94' lang='lat' dir='ltr'><strong>Ab</strong></span> <span class='ocrx_word' id='word_1_63' title='bbox 842 1128 898 1185; x_wconf 87' lang='lat' dir='ltr'><strong>hoc</strong></span> <span class='ocrx_word' id='word_1_64' title='bbox 922 1127 1088 1201; x_wconf 87' lang='lat' dir='ltr'><strong>destitutus,</strong></span> 
     </span>
     <span class='ocr_line' id='line_1_10' title="bbox 170 1219 1088 1299; baseline 0.002 -19"><span class='ocrx_word' id='word_1_65' title='bbox 170 1219 295 1297; x_wconf 82' lang='lat' dir='ltr'><strong>primlrm</strong></span> <span class='ocrx_word' id='word_1_66' title='bbox 323 1242 375 1299; x_wconf 90' lang='lat' dir='ltr'><strong>per</strong></span> <span class='ocrx_word' id='word_1_67' title='bbox 402 1223 632 1298; x_wconf 88' lang='lat' dir='ltr'><strong>Thrasybulum,</strong></span> <span class='ocrx_word' id='word_1_68' title='bbox 660 1223 734 1298; x_wconf 90' lang='lat' dir='ltr'><strong>Lyci</strong></span> <span class='ocrx_word' id='word_1_69' title='bbox 761 1223 865 1297; x_wconf 91' lang='lat' dir='ltr'><strong>filium,</strong></span> <span class='ocrx_word' id='word_1_70' title='bbox 893 1224 929 1281; x_wconf 86' lang='lat' dir='ltr'><strong>ab</strong></span> <span class='ocrx_word' id='word_1_71' title='bbox 956 1224 1088 1283; x_wconf 88' lang='lat' dir='ltr'><strong>exercitu</strong></span> 
     </span>
     <span class='ocr_line' id='line_1_11' title="bbox 115 1305 1087 1395; baseline 0.002 -20"><span class='ocrx_word' id='word_1_72' title='bbox 115 1317 151 1375; x_wconf 85' lang='lat'><strong>10</strong></span> <span class='ocrx_word' id='word_1_73' title='bbox 170 1318 319 1395; x_wconf 70' lang='lat' dir='ltr'><strong>pecipitur,</strong></span> <span class='ocrx_word' id='word_1_74' title='bbox 330 1330 490 1394; x_wconf 85' lang='lat' dir='ltr'><strong>praetorque</strong></span> <span class='ocrx_word' id='word_1_75' title='bbox 502 1319 534 1377; x_wconf 90' lang='lat' dir='ltr'><strong>fit</strong></span> <span class='ocrx_word' id='word_1_76' title='bbox 555 1320 631 1393; x_wconf 90' lang='lat' dir='ltr'><strong>apud</strong></span> <span class='ocrx_word' id='word_1_77' title='bbox 651 1319 791 1388; x_wconf 86' lang='lat' dir='ltr'><strong>Samum;</strong></span> <span class='ocrx_word' id='word_1_78' title='bbox 813 1317 889 1394; x_wconf 82' lang='lat' dir='ltr'><strong>pbst,</strong></span> <span class='ocrx_word' id='word_1_79' title='bbox 909 1305 1087 1395; x_wconf 80' lang='lat' dir='ltr'><strong>suffragante</strong></span> 
     </span>
     <span class='ocr_line' id='line_1_12' title="bbox 170 1412 1088 1490; baseline 0.002 -21"><span class='ocrx_word' id='word_1_80' title='bbox 170 1412 368 1486; x_wconf 86' lang='lat' dir='ltr'><strong>Theramene,</strong></span> <span class='ocrx_word' id='word_1_81' title='bbox 382 1413 555 1490; x_wconf 88' lang='lat' dir='ltr'><strong>populiscito</strong></span> <span class='ocrx_word' id='word_1_82' title='bbox 568 1413 740 1486; x_wconf 86' lang='lat' dir='ltr'><strong>restituitur,</strong></span> <span class='ocrx_word' id='word_1_83' title='bbox 765 1413 884 1490; x_wconf 85' lang='lat' dir='ltr'><strong>parique</strong></span> <span class='ocrx_word' id='word_1_84' title='bbox 909 1415 1014 1472; x_wconf 85' lang='lat' dir='ltr'><strong>absens</strong></span> <span class='ocrx_word' id='word_1_85' title='bbox 1036 1415 1088 1471; x_wconf 88' lang='lat' dir='ltr'><strong>im-</strong></span> 
     </span>
     <span class='ocr_line' id='line_1_13' title="bbox 169 1507 1086 1584; baseline 0.003 -20"><span class='ocrx_word' id='word_1_86' title='bbox 169 1507 250 1583; x_wconf 90' lang='lat' dir='ltr'><strong>perio</strong></span> <span class='ocrx_word' id='word_1_87' title='bbox 263 1508 419 1584; x_wconf 85' lang='lat' dir='ltr'><strong>praefioitur</strong></span> <span class='ocrx_word' id='word_1_88' title='bbox 431 1509 516 1566; x_wconf 86' lang='lat' dir='ltr'><strong>simul</strong></span> <span class='ocrx_word' id='word_1_89' title='bbox 539 1527 606 1566; x_wconf 88' lang='lat' dir='ltr'><strong>curn</strong></span> <span class='ocrx_word' id='word_1_90' title='bbox 627 1508 813 1584; x_wconf 90' lang='lat' dir='ltr'><strong>Thrasybulo</strong></span> <span class='ocrx_word' id='word_1_91' title='bbox 835 1520 864 1567; x_wconf 92' lang='lat' dir='ltr'><strong>et</strong></span> <span class='ocrx_word' id='word_1_92' title='bbox 888 1508 1086 1567; x_wconf 88' lang='lat' dir='ltr'><strong>Theramene.</strong></span> 
     </span>
     <span class='ocr_line' id='line_1_14' title="bbox 170 1601 1087 1680; baseline 0.002 -20"><span class='ocrx_word' id='word_1_93' title='bbox 170 1601 284 1660; x_wconf 89' lang='lat' dir='ltr'><strong>Horum</strong></span> <span class='ocrx_word' id='word_1_94' title='bbox 298 1602 328 1660; x_wconf 91' lang='lat' dir='ltr'><strong>in</strong></span> <span class='ocrx_word' id='word_1_95' title='bbox 344 1603 464 1680; x_wconf 88' lang='lat' dir='ltr'><strong>imperio</strong></span> <span class='ocrx_word' id='word_1_96' title='bbox 479 1615 560 1662; x_wconf 87' lang='lat' dir='ltr'><strong>tanta</strong></span> <span class='ocrx_word' id='word_1_97' title='bbox 571 1603 758 1662; x_wconf 88' lang='lat' dir='ltr'><strong>commutatio</strong></span> <span class='ocrx_word' id='word_1_98' title='bbox 773 1623 869 1661; x_wconf 90' lang='lat' dir='ltr'><strong>rerum</strong></span> <span class='ocrx_word' id='word_1_99' title='bbox 884 1604 961 1661; x_wconf 86' lang='lat' dir='ltr'><strong>sacta</strong></span> <span class='ocrx_word' id='word_1_100' title='bbox 983 1616 1037 1677; x_wconf 90' lang='lat' dir='ltr'><strong>est,</strong></span> <span class='ocrx_word' id='word_1_101' title='bbox 1055 1618 1087 1663; x_wconf 90' lang='lat' dir='ltr'><strong>ut</strong></span> 
     </span>
     <span class='ocr_line' id='line_1_15' title="bbox 169 1696 1088 1776; baseline -0.001 -19"><span class='ocrx_word' id='word_1_102' title='bbox 169 1696 398 1772; x_wconf 85' lang='lat' dir='ltr'><strong>Laeedaemonii,</strong></span> <span class='ocrx_word' id='word_1_103' title='bbox 408 1700 457 1776; x_wconf 92' lang='lat' dir='ltr'><strong>qui</strong></span> <span class='ocrx_word' id='word_1_104' title='bbox 471 1698 558 1776; x_wconf 81' lang='lat' dir='ltr'><strong>paulb</strong></span> <span class='ocrx_word' id='word_1_105' title='bbox 574 1697 641 1758; x_wconf 75' lang='lat' dir='ltr'><strong>antd</strong></span> <span class='ocrx_word' id='word_1_106' title='bbox 656 1698 779 1758; x_wconf 86' lang='lat' dir='ltr'><strong>victores</strong></span> <span class='ocrx_word' id='word_1_107' title='bbox 798 1699 960 1774; x_wconf 85' lang='lat' dir='ltr'><strong>viguerant,</strong></span> <span class='ocrx_word' id='word_1_108' title='bbox 979 1711 1088 1775; x_wconf 90' lang='lat' dir='ltr'><strong>perter-</strong></span> 
     </span>
     <span class='ocr_line' id='line_1_16' title="bbox 110 1789 1087 1870; baseline -0.003 -16"><span class='ocrx_word' id='word_1_109' title='bbox 110 1789 150 1854; x_wconf 76' lang='lat' dir='ltr'><strong>lt&#39;i</strong></span> <span class='ocrx_word' id='word_1_110' title='bbox 170 1793 218 1852; x_wconf 91' lang='lat' dir='ltr'><strong>riti</strong></span> <span class='ocrx_word' id='word_1_111' title='bbox 231 1814 335 1870; x_wconf 89' lang='lat' dir='ltr'><strong>pacem</strong></span> <span class='ocrx_word' id='word_1_112' title='bbox 349 1807 490 1870; x_wconf 88' lang='lat' dir='ltr'><strong>peterent.</strong></span> <span class='ocrx_word' id='word_1_113' title='bbox 532 1794 614 1852; x_wconf 88' lang='lat' dir='ltr'><strong>Victi</strong></span> <span class='ocrx_word' id='word_1_114' title='bbox 628 1795 706 1851; x_wconf 91' lang='lat' dir='ltr'><strong>enim</strong></span> <span class='ocrx_word' id='word_1_115' title='bbox 729 1805 813 1851; x_wconf 90' lang='lat' dir='ltr'><strong>erant</strong></span> <span class='ocrx_word' id='word_1_116' title='bbox 833 1793 960 1868; x_wconf 91' lang='lat' dir='ltr'><strong>quinque</strong></span> <span class='ocrx_word' id='word_1_117' title='bbox 977 1793 1087 1869; x_wconf 86' lang='lat' dir='ltr'><strong>proeliis</strong></span> 
     </span>
     <span class='ocr_line' id='line_1_17' title="bbox 114 1888 1086 1963; baseline 0 -16"><span class='ocrx_word' id='word_1_118' title='bbox 114 1955 118 1960; x_wconf 43' lang='grc'>,</span> <span class='ocrx_word' id='word_1_119' title='bbox 169 1889 363 1961; x_wconf 86' lang='lat' dir='ltr'><strong>terrestribus,</strong></span> <span class='ocrx_word' id='word_1_120' title='bbox 378 1889 470 1946; x_wconf 88' lang='lat' dir='ltr'><strong>tribus</strong></span> <span class='ocrx_word' id='word_1_121' title='bbox 486 1888 657 1958; x_wconf 90' lang='lat' dir='ltr'><strong>navalibus;</strong></span> <span class='ocrx_word' id='word_1_122' title='bbox 680 1888 708 1944; x_wconf 91' lang='lat' dir='ltr'><strong>in</strong></span> <span class='ocrx_word' id='word_1_123' title='bbox 723 1889 828 1963; x_wconf 90' lang='lat' dir='ltr'><strong>quibus</strong></span> <span class='ocrx_word' id='word_1_124' title='bbox 842 1888 983 1946; x_wconf 89' lang='lat' dir='ltr'><strong>ducentas</strong></span> <span class='ocrx_word' id='word_1_125' title='bbox 997 1908 1086 1947; x_wconf 87' lang='lat' dir='ltr'><strong>naves</strong></span> 
     </span>
     <span class='ocr_line' id='line_1_18' title="bbox 168 1982 1086 2059; baseline 0.001 -18"><span class='ocrx_word' id='word_1_126' title='bbox 168 1983 301 2042; x_wconf 87' lang='lat' dir='ltr'><strong>triremes</strong></span> <span class='ocrx_word' id='word_1_127' title='bbox 336 1983 501 2056; x_wconf 89' lang='lat' dir='ltr'><strong>amiserant,</strong></span> <span class='ocrx_word' id='word_1_128' title='bbox 538 2002 602 2057; x_wconf 76' lang='lat' dir='ltr'><strong>quae</strong></span> <span class='ocrx_word' id='word_1_129' title='bbox 630 1993 721 2059; x_wconf 83' lang='lat' dir='ltr'><strong>captae</strong></span> <span class='ocrx_word' id='word_1_130' title='bbox 746 1982 775 2039; x_wconf 90' lang='lat' dir='ltr'><strong>in</strong></span> <span class='ocrx_word' id='word_1_131' title='bbox 802 1984 926 2040; x_wconf 90' lang='lat' dir='ltr'><strong>hostium</strong></span> <span class='ocrx_word' id='word_1_132' title='bbox 946 1995 1086 2043; x_wconf 85' lang='lat' dir='ltr'><strong>venerant</strong></span> 
     </span>
     <span class='ocr_line' id='line_1_19' title="bbox 168 2078 1085 2154; baseline 0.001 -19"><span class='ocrx_word' id='word_1_133' title='bbox 168 2088 349 2154; x_wconf 87' lang='lat' dir='ltr'><strong>potestatem.</strong></span> <span class='ocrx_word' id='word_1_134' title='bbox 400 2078 570 2136; x_wconf 87' lang='lat' dir='ltr'><strong>Alcibiades</strong></span> <span class='ocrx_word' id='word_1_135' title='bbox 595 2078 680 2136; x_wconf 90' lang='lat' dir='ltr'><strong>simul</strong></span> <span class='ocrx_word' id='word_1_136' title='bbox 702 2097 770 2136; x_wconf 89' lang='lat' dir='ltr'><strong>cum</strong></span> <span class='ocrx_word' id='word_1_137' title='bbox 795 2078 915 2154; x_wconf 82' lang='lat' dir='ltr'><strong>collegis</strong></span> <span class='ocrx_word' id='word_1_138' title='bbox 936 2091 1085 2154; x_wconf 88' lang='lat' dir='ltr'><strong>receperat</strong></span> 
     </span>
     <span class='ocr_line' id='line_1_20' title="bbox 170 2172 1084 2250; baseline 0.002 -20"><span class='ocrx_word' id='word_1_139' title='bbox 170 2172 294 2246; x_wconf 90' lang='lat' dir='ltr'><strong>Ioniam,</strong></span> <span class='ocrx_word' id='word_1_140' title='bbox 307 2173 540 2250; x_wconf 89' lang='lat' dir='ltr'><strong>Hellespontum,</strong></span> <span class='ocrx_word' id='word_1_141' title='bbox 555 2175 660 2231; x_wconf 90' lang='lat' dir='ltr'><strong>multas</strong></span> <span class='ocrx_word' id='word_1_142' title='bbox 681 2186 822 2250; x_wconf 85' lang='lat' dir='ltr'><strong>praeterea</strong></span> <span class='ocrx_word' id='word_1_143' title='bbox 846 2173 932 2231; x_wconf 89' lang='lat' dir='ltr'><strong>urbes</strong></span> <span class='ocrx_word' id='word_1_144' title='bbox 953 2174 1084 2248; x_wconf 80' lang='lat' dir='ltr'><strong>Graecas,</strong></span> 
     </span>
     <span class='ocr_line' id='line_1_21' title="bbox 109 2266 1085 2344; baseline 0.001 -18"><span class='ocrx_word' id='word_1_145' title='bbox 109 2266 150 2326; x_wconf 73' lang='lat'><strong>20</strong></span> <span class='ocrx_word' id='word_1_146' title='bbox 170 2287 233 2344; x_wconf 73' lang='lat' dir='ltr'><strong>quar</strong></span> <span class='ocrx_word' id='word_1_147' title='bbox 248 2268 278 2325; x_wconf 91' lang='lat' dir='ltr'><strong>in</strong></span> <span class='ocrx_word' id='word_1_148' title='bbox 292 2269 344 2327; x_wconf 70' lang='lat' dir='ltr'><strong>ord</strong></span> <span class='ocrx_word' id='word_1_149' title='bbox 358 2268 420 2326; x_wconf 82' lang='lat' dir='ltr'><strong>sitae</strong></span> <span class='ocrx_word' id='word_1_150' title='bbox 442 2279 510 2326; x_wconf 91' lang='lat' dir='ltr'><strong>sunt</strong></span> <span class='ocrx_word' id='word_1_151' title='bbox 532 2269 622 2340; x_wconf 84' lang='lat' dir='ltr'><strong>Asiae,</strong></span> <span class='ocrx_word' id='word_1_152' title='bbox 637 2288 758 2342; x_wconf 89' lang='lat' dir='ltr'><strong>quarum</strong></span> <span class='ocrx_word' id='word_1_153' title='bbox 783 2268 985 2344; x_wconf 67' lang='lat' dir='ltr'><strong>expugnarant</strong></span> <span class='ocrx_word' id='word_1_154' title='bbox 1007 2288 1085 2328; x_wconf 90' lang='lat' dir='ltr'><strong>com·</strong></span> 
     </span>
     <span class='ocr_line' id='line_1_22' title="bbox 168 2360 1086 2441; baseline 0.001 -20"><span class='ocrx_word' id='word_1_155' title='bbox 168 2364 275 2441; x_wconf 91' lang='lat' dir='ltr'><strong>plures,</strong></span> <span class='ocrx_word' id='word_1_156' title='bbox 291 2364 321 2420; x_wconf 91' lang='lat' dir='ltr'><strong>in</strong></span> <span class='ocrx_word' id='word_1_157' title='bbox 336 2363 381 2420; x_wconf 88' lang='lat' dir='ltr'><strong>his</strong></span> <span class='ocrx_word' id='word_1_158' title='bbox 402 2364 595 2438; x_wconf 85' lang='lat' dir='ltr'><strong>Byzantium3</strong></span> <span class='ocrx_word' id='word_1_159' title='bbox 617 2382 712 2439; x_wconf 91' lang='lat' dir='ltr'><strong>neque</strong></span> <span class='ocrx_word' id='word_1_160' title='bbox 726 2360 823 2420; x_wconf 73' lang='lat' dir='ltr'><strong>minius</strong></span> <span class='ocrx_word' id='word_1_161' title='bbox 837 2365 943 2422; x_wconf 88' lang='lat' dir='ltr'><strong>multas</strong></span> <span class='ocrx_word' id='word_1_162' title='bbox 962 2363 1086 2422; x_wconf 85' lang='lat' dir='ltr'><strong>consilio</strong></span> 
     </span>
     <span class='ocr_line' id='line_1_23' title="bbox 170 2456 1084 2534; baseline 0.001 -18"><span class='ocrx_word' id='word_1_163' title='bbox 170 2459 206 2516; x_wconf 90' lang='lat' dir='ltr'><strong>ad</strong></span> <span class='ocrx_word' id='word_1_164' title='bbox 232 2456 390 2516; x_wconf 86' lang='lat' dir='ltr'><strong>amicitiam</strong></span> <span class='ocrx_word' id='word_1_165' title='bbox 415 2458 617 2534; x_wconf 86' lang='lat' dir='ltr'><strong>adjunxerant,</strong></span> <span class='ocrx_word' id='word_1_166' title='bbox 645 2457 721 2532; x_wconf 75' lang='lat' dir='ltr'><strong>quod</strong></span> <span class='ocrx_word' id='word_1_167' title='bbox 748 2458 778 2515; x_wconf 93' lang='lat' dir='ltr'><strong>in</strong></span> <span class='ocrx_word' id='word_1_168' title='bbox 803 2471 903 2534; x_wconf 86' lang='lat' dir='ltr'><strong>captos</strong></span> <span class='ocrx_word' id='word_1_169' title='bbox 927 2459 1084 2517; x_wconf 70' lang='lat' dir='ltr'><strong>clementia</strong></span> 
     </span>
     <span class='ocr_line' id='line_1_24' title="bbox 171 2552 1084 2630; baseline -0.002 -18"><span class='ocrx_word' id='word_1_170' title='bbox 171 2556 285 2612; x_wconf 79' lang='lat' dir='ltr'><strong>fuerant</strong></span> <span class='ocrx_word' id='word_1_171' title='bbox 306 2552 360 2611; x_wconf 91' lang='lat' dir='ltr'><strong>usi.</strong></span> <span class='ocrx_word' id='word_1_172' title='bbox 403 2552 478 2611; x_wconf 90' lang='lat' dir='ltr'><strong>Inde</strong></span> <span class='ocrx_word' id='word_1_173' title='bbox 498 2553 597 2630; x_wconf 64' lang='lat' dir='ltr'><strong>praedit</strong></span> <span class='ocrx_word' id='word_1_174' title='bbox 621 2553 728 2625; x_wconf 90' lang='lat' dir='ltr'><strong>onusti,</strong></span> <span class='ocrx_word' id='word_1_175' title='bbox 743 2554 919 2629; x_wconf 91' lang='lat' dir='ltr'><strong>locupletato</strong></span> <span class='ocrx_word' id='word_1_176' title='bbox 941 2553 1084 2626; x_wconf 89' lang='lat' dir='ltr'><strong>exercitu,</strong></span> 
     </span>
     <span class='ocr_line' id='line_1_25' title="bbox 169 2647 823 2724; baseline -0.008 -17"><span class='ocrx_word' id='word_1_177' title='bbox 169 2648 303 2707; x_wconf 90' lang='lat' dir='ltr'><strong>maximis</strong></span> <span class='ocrx_word' id='word_1_178' title='bbox 316 2647 404 2707; x_wconf 90' lang='lat' dir='ltr'><strong>rebus</strong></span> <span class='ocrx_word' id='word_1_179' title='bbox 417 2648 517 2724; x_wconf 75' lang='lat' dir='ltr'><strong>gestiS,</strong></span> <span class='ocrx_word' id='word_1_180' title='bbox 530 2649 663 2705; x_wconf 89' lang='lat' dir='ltr'><strong>Athenas</strong></span> <span class='ocrx_word' id='word_1_181' title='bbox 674 2657 823 2704; x_wconf 88' lang='lat' dir='ltr'><strong>venerunt.</strong></span> 
     </span>
    </p>
   </div>
   <div class='ocr_carea' id='block_1_3' title="bbox 108 2734 1193 2825">
    <p class='ocr_par' dir='ltr' id='par_1_3' title="bbox 108 2734 1193 2825">
     <span class='ocr_line' id='line_1_26' title="bbox 108 2734 1193 2825; baseline 0 -23"><span class='ocrx_word' id='word_1_182' title='bbox 108 2745 150 2805; x_wconf 76' lang='lat'><strong>25</strong></span> <span class='ocrx_word' id='word_1_183' title='bbox 208 2742 262 2802; x_wconf 85' lang='lat' dir='ltr'><strong>VI.</strong></span> <span class='ocrx_word' id='word_1_184' title='bbox 305 2742 361 2800; x_wconf 86' lang='lat' dir='ltr'><strong>His</strong></span> <span class='ocrx_word' id='word_1_185' title='bbox 375 2761 464 2818; x_wconf 93' lang='lat' dir='ltr'><strong>quum</strong></span> <span class='ocrx_word' id='word_1_186' title='bbox 487 2741 603 2800; x_wconf 79' lang='lat' dir='ltr'><strong>obvidm</strong></span> <span class='ocrx_word' id='word_1_187' title='bbox 624 2741 759 2798; x_wconf 86' lang='lat' dir='ltr'><strong>universa</strong></span> <span class='ocrx_word' id='word_1_188' title='bbox 780 2740 882 2798; x_wconf 87' lang='lat' dir='ltr'><strong>civitas</strong></span> <span class='ocrx_word' id='word_1_189' title='bbox 905 2741 934 2797; x_wconf 93' lang='lat' dir='ltr'><strong>in</strong></span> <span class='ocrx_word' id='word_1_190' title='bbox 958 2741 1083 2802; x_wconf 80' lang='lat' dir='ltr'><strong>Piraeum</strong></span> <span class='ocrx_word' id='word_1_191' title='bbox 1183 2734 1193 2825; x_wconf 11' lang='grc' dir='ltr'><strong><em>Γ</em></strong></span> 
     </span>
    </p>
   </div>
   <div class='ocr_carea' id='block_1_4' title="bbox 92 2835 1084 3581">
    <p class='ocr_par' dir='ltr' id='par_1_4' title="bbox 92 2835 1084 3581">
     <span class='ocr_line' id='line_1_27' title="bbox 169 2835 1083 2912; baseline -0.002 -14"><span class='ocrx_word' id='word_1_192' title='bbox 169 2837 379 2911; x_wconf 83' lang='lat' dir='ltr'><strong>descendisset,</strong></span> <span class='ocrx_word' id='word_1_193' title='bbox 393 2848 474 2896; x_wconf 88' lang='lat' dir='ltr'><strong>tanta</strong></span> <span class='ocrx_word' id='word_1_194' title='bbox 488 2836 542 2896; x_wconf 87' lang='lat' dir='ltr'><strong>fuit</strong></span> <span class='ocrx_word' id='word_1_195' title='bbox 555 2836 685 2894; x_wconf 91' lang='lat' dir='ltr'><strong>omnium</strong></span> <span class='ocrx_word' id='word_1_196' title='bbox 700 2835 862 2912; x_wconf 88' lang='lat' dir='ltr'><strong>expectatio</strong></span> <span class='ocrx_word' id='word_1_197' title='bbox 877 2836 988 2894; x_wconf 88' lang='lat' dir='ltr'><strong>visendi</strong></span> <span class='ocrx_word' id='word_1_198' title='bbox 1004 2839 1083 2896; x_wconf 87' lang='lat' dir='ltr'><strong>Alci·</strong></span> 
     </span>
     <span class='ocr_line' id='line_1_28' title="bbox 169 2918 1083 3010; baseline -0.003 -16"><span class='ocrx_word' id='word_1_199' title='bbox 169 2935 274 3010; x_wconf 88' lang='lat' dir='ltr'><strong>biadis,</strong></span> <span class='ocrx_word' id='word_1_200' title='bbox 288 2947 321 2994; x_wconf 93' lang='lat' dir='ltr'><strong>ut</strong></span> <span class='ocrx_word' id='word_1_201' title='bbox 335 2935 371 2991; x_wconf 91' lang='lat' dir='ltr'><strong>ad</strong></span> <span class='ocrx_word' id='word_1_202' title='bbox 385 2934 449 3010; x_wconf 85' lang='lat' dir='ltr'><strong>ejus</strong></span> <span class='ocrx_word' id='word_1_203' title='bbox 469 2932 616 2993; x_wconf 90' lang='lat' dir='ltr'><strong>triremem</strong></span> <span class='ocrx_word' id='word_1_204' title='bbox 640 2918 744 3009; x_wconf 86' lang='lat' dir='ltr'><strong>vulgus</strong></span> <span class='ocrx_word' id='word_1_205' title='bbox 765 2931 934 3004; x_wconf 86' lang='lat' dir='ltr'><strong>conflueret,</strong></span> <span class='ocrx_word' id='word_1_206' title='bbox 961 2933 1083 3008; x_wconf 92' lang='lat' dir='ltr'><strong>proinde</strong></span> 
     </span>
     <span class='ocr_line' id='line_1_29' title="bbox 170 3029 1083 3105; baseline -0.004 -16"><span class='ocrx_word' id='word_1_207' title='bbox 170 3051 205 3090; x_wconf 89' lang='lat' dir='ltr'><strong>ac</strong></span> <span class='ocrx_word' id='word_1_208' title='bbox 220 3032 244 3090; x_wconf 92' lang='lat' dir='ltr'><strong>si</strong></span> <span class='ocrx_word' id='word_1_209' title='bbox 258 3033 336 3090; x_wconf 86' lang='lat' dir='ltr'><strong>solus</strong></span> <span class='ocrx_word' id='word_1_210' title='bbox 350 3029 522 3089; x_wconf 81' lang='lat' dir='ltr'><strong>advenisset.</strong></span> <span class='ocrx_word' id='word_1_211' title='bbox 565 3029 616 3087; x_wconf 90' lang='lat' dir='ltr'><strong>Sic</strong></span> <span class='ocrx_word' id='word_1_212' title='bbox 627 3029 705 3088; x_wconf 91' lang='lat' dir='ltr'><strong>enim</strong></span> <span class='ocrx_word' id='word_1_213' title='bbox 716 3030 821 3105; x_wconf 93' lang='lat' dir='ltr'><strong>populo</strong></span> <span class='ocrx_word' id='word_1_214' title='bbox 831 3040 892 3086; x_wconf 87' lang='lat' dir='ltr'><strong>erat</strong></span> <span class='ocrx_word' id='word_1_215' title='bbox 902 3047 1083 3103; x_wconf 89' lang='lat' dir='ltr'><strong>persuasum,</strong></span> 
     </span>
     <span class='ocr_line' id='line_1_30' title="bbox 92 3122 1084 3204; baseline -0.01 -17"><span class='ocrx_word' id='word_1_216' title='bbox 92 3145 95 3150; x_wconf 82' lang='grc'><strong>’</strong></span> <span class='ocrx_word' id='word_1_217' title='bbox 169 3138 199 3186; x_wconf 88' lang='lat' dir='ltr'><strong>et</strong></span> <span class='ocrx_word' id='word_1_218' title='bbox 213 3129 348 3186; x_wconf 86' lang='lat' dir='ltr'><strong>adversas</strong></span> <span class='ocrx_word' id='word_1_219' title='bbox 362 3126 534 3204; x_wconf 86' lang='lat' dir='ltr'><strong>superiores,</strong></span> <span class='ocrx_word' id='word_1_220' title='bbox 549 3137 578 3185; x_wconf 91' lang='lat' dir='ltr'><strong>et</strong></span> <span class='ocrx_word' id='word_1_221' title='bbox 591 3136 756 3201; x_wconf 79' lang='lat' dir='ltr'><strong>praesentes-</strong></span> <span class='ocrx_word' id='word_1_222' title='bbox 770 3123 914 3179; x_wconf 85' lang='lat' dir='ltr'><strong>secundas</strong></span> <span class='ocrx_word' id='word_1_223' title='bbox 935 3140 981 3178; x_wconf 87' lang='lat' dir='ltr'><strong>res</strong></span> <span class='ocrx_word' id='word_1_224' title='bbox 1007 3122 1084 3178; x_wconf 90' lang='lat' dir='ltr'><strong>acci-</strong></span> 
     </span>
     <span class='ocr_line' id='line_1_31' title="bbox 109 3214 1083 3297; baseline -0.007 -16"><span class='ocrx_word' id='word_1_225' title='bbox 109 3221 150 3281; x_wconf 76' lang='lat'><strong>30</strong></span> <span class='ocrx_word' id='word_1_226' title='bbox 170 3221 247 3279; x_wconf 89' lang='lat' dir='ltr'><strong>disse</strong></span> <span class='ocrx_word' id='word_1_227' title='bbox 258 3222 321 3296; x_wconf 89' lang='lat' dir='ltr'><strong>ejus</strong></span> <span class='ocrx_word' id='word_1_228' title='bbox 335 3221 431 3297; x_wconf 69' lang='lat' dir='ltr'><strong>operat.</strong></span> <span class='ocrx_word' id='word_1_229' title='bbox 474 3220 576 3295; x_wconf 90' lang='lat' dir='ltr'><strong>Itaque</strong></span> <span class='ocrx_word' id='word_1_230' title='bbox 590 3230 620 3276; x_wconf 89' lang='lat' dir='ltr'><strong>et</strong></span> <span class='ocrx_word' id='word_1_231' title='bbox 642 3217 752 3275; x_wconf 81' lang='lat' dir='ltr'><strong>Sicilie</strong></span> <span class='ocrx_word' id='word_1_232' title='bbox 768 3215 916 3287; x_wconf 88' lang='lat' dir='ltr'><strong>amissum,</strong></span> <span class='ocrx_word' id='word_1_233' title='bbox 939 3225 968 3271; x_wconf 87' lang='lat' dir='ltr'><strong>ot</strong></span> <span class='ocrx_word' id='word_1_234' title='bbox 990 3214 1083 3274; x_wconf 87' lang='lat' dir='ltr'><strong>Lace·</strong></span> 
     </span>
     <span class='ocr_line' id='line_1_32' title="bbox 170 3307 1081 3389; baseline -0.004 -15"><span class='ocrx_word' id='word_1_235' title='bbox 170 3315 377 3374; x_wconf 69' lang='lat' dir='ltr'><strong>demoniorum</strong></span> <span class='ocrx_word' id='word_1_236' title='bbox 389 3315 523 3376; x_wconf 85' lang='lat' dir='ltr'><strong>victorias</strong></span> <span class='ocrx_word' id='word_1_237' title='bbox 536 3313 629 3389; x_wconf 81' lang='lat' dir='ltr'><strong>eulpae</strong></span> <span class='ocrx_word' id='word_1_238' title='bbox 644 3331 702 3370; x_wconf 76' lang='lat' dir='ltr'><strong>sne</strong></span> <span class='ocrx_word' id='word_1_239' title='bbox 714 3311 891 3382; x_wconf 86' lang='lat' dir='ltr'><strong>tribuebant,</strong></span> <span class='ocrx_word' id='word_1_240' title='bbox 902 3307 978 3384; x_wconf 84' lang='lat' dir='ltr'><strong>qubd</strong></span> <span class='ocrx_word' id='word_1_241' title='bbox 994 3312 1081 3370; x_wconf 88' lang='lat' dir='ltr'><strong>talem</strong></span> 
     </span>
     <span class='ocr_line' id='line_1_33' title="bbox 169 3405 1080 3488; baseline -0.005 -18"><span class='ocrx_word' id='word_1_242' title='bbox 169 3411 262 3470; x_wconf 78' lang='lat' dir='ltr'><strong>virum</strong></span> <span class='ocrx_word' id='word_1_243' title='bbox 289 3430 306 3468; x_wconf 90' lang='lat' dir='ltr'><strong>e</strong></span> <span class='ocrx_word' id='word_1_244' title='bbox 333 3411 449 3471; x_wconf 86' lang='lat' dir='ltr'><strong>civitate</strong></span> <span class='ocrx_word' id='word_1_245' title='bbox 474 3409 659 3488; x_wconf 83' lang='lat' dir='ltr'><strong>expulissent.</strong></span> <span class='ocrx_word' id='word_1_246' title='bbox 711 3406 815 3483; x_wconf 90' lang='lat' dir='ltr'><strong>Neque</strong></span> <span class='ocrx_word' id='word_1_247' title='bbox 843 3405 872 3462; x_wconf 92' lang='lat' dir='ltr'><strong>id</strong></span> <span class='ocrx_word' id='word_1_248' title='bbox 900 3406 963 3462; x_wconf 89' lang='lat' dir='ltr'><strong>sine</strong></span> <span class='ocrx_word' id='word_1_249' title='bbox 990 3409 1080 3465; x_wconf 68' lang='lat' dir='ltr'><strong>causa</strong></span> 
     </span>
     <span class='ocr_line' id='line_1_34' title="bbox 170 3500 1081 3581; baseline -0.009 -13"><span class='ocrx_word' id='word_1_250' title='bbox 170 3506 301 3568; x_wconf 84' lang='lat' dir='ltr'><strong>arbitrari</strong></span> <span class='ocrx_word' id='word_1_251' title='bbox 315 3505 495 3565; x_wconf 84' lang='lat' dir='ltr'><strong>videbantur.</strong></span> <span class='ocrx_word' id='word_1_252' title='bbox 537 3504 615 3565; x_wconf 92' lang='lat' dir='ltr'><strong>Nam</strong></span> <span class='ocrx_word' id='word_1_253' title='bbox 628 3515 779 3581; x_wconf 87' lang='lat' dir='ltr'><strong>postquam</strong></span> <span class='ocrx_word' id='word_1_254' title='bbox 800 3500 941 3560; x_wconf 87' lang='lat' dir='ltr'><strong>exercitui</strong></span> <span class='ocrx_word' id='word_1_255' title='bbox 957 3521 1081 3578; x_wconf 85' lang='lat' dir='ltr'><strong>praeessa</strong></span> 
     </span>
    </p>
   </div>
   <div class='ocr_carea' id='block_1_5' title="bbox 0 0 1200 4132">
    <p class='ocr_par' dir='ltr' id='par_1_5' title="bbox 0 0 1200 4132">
     <span class='ocr_line' id='line_1_35' title="bbox 0 0 1200 4132; baseline 0 1"><span class='ocrx_word' id='word_1_256' title='bbox 0 0 1200 4132; x_wconf 95' lang='lat' dir='ltr'><strong> </strong></span> 
     </span>
    </p>
   </div>
  </div>
 </body>
</html>
