2392 4132
118 342 175 405 tlo
411 348 844 405 r.rouronrosur*rtcus.

170 513 283 589 misque
310 513 439 571 studioso
465 513 633 572 litterarum.
675 514 745 586 Hic,
772 517 857 589 proiit
881 513 942 588 ipse
967 510 1083 573 amabat

170 608 291 680 litteras,
305 608 441 665 omnibus
453 607 603 680 doctrinis,
618 608 723 682 quibus
744 607 864 684 puerilis
888 619 957 665 aetas
979 608 1083 684 imper·

169 702 218 760 tiri
231 702 327 774 debet,
343 701 433 759 filium
446 702 577 759 erudivit.
619 701 690 760 Erat
705 712 800 760 autem
815 702 844 758 in
858 720 958 776 puero,
977 715 1081 778 praeter

169 796 346 854 docilitatem
361 796 481 871 ingenii,
493 815 607 853 summa
620 796 746 854 suavitas
755 796 813 853 oris
824 811 859 852 ac
872 796 962 867 vocis,
971 809 1004 856 ut
1022 782 1094 856 non*

128 889 262 949 fisclum
286 891 418 949 celeriter
440 891 596 966 acciperet,
618 909 681 965 quae
700 891 898 963 tradebantur,
921 892 1081 950 sedetiam

168 987 344 1044 excellenter
358 986 566 1062 pronuntiaret.
606 985 678 1048 Qut
691 1005 728 1042 ex
740 1005 772 1042 re
785 985 814 1042 in
828 986 954 1060 pueritii
976 987 1082 1046 nobilis

169 1081 243 1138 inter
271 1082 395 1156 aequales
426 1081 581 1152 serebatur,
620 1077 782 1155 claritisque
814 1078 1081 1155 exsplendescebat‚

168 1174 255 1250 quim
268 1176 403 1251 generosi
421 1175 614 1251 condiscipuli
639 1175 735 1233 auimo
757 1194 838 1250 aequo
859 1177 934 1233 serre
956 1189 1080 1252 possent.

170 1269 272 1344 Itaque
286 1270 427 1328 incitabat
439 1289 540 1327 omnes
561 1269 656 1327 studio
679 1289 745 1328 suo:
766 1269 867 1344 quoin
882 1288 1003 1329 numero
1023 1272 1081 1329 fue·

112 1365 150 1422 to
169 1376 235 1422 runt
250 1365 284 1421 L.
299 1364 474 1439 Torquatus,
497 1364 531 1421 C.
554 1362 666 1422 Marius
692 1364 778 1437 filius,
792 1362 834 1421 M.
850 1365 979 1423 Cicero:
1010 1384 1080 1440 quos

168 1460 380 1517 consuetudine
394 1461 447 1517 suit
461 1460 504 1518 sic
518 1460 573 1518 sibi
588 1460 727 1533 devinxit,
741 1472 773 1518 ut
788 1479 874 1518 nemo
887 1461 925 1518 iia
941 1458 1077 1537 perpetui

174 1555 263 1613 fuerit
277 1555 380 1612 carior.

211 1649 253 1707 ΙΙ.
305 1650 391 1708 Pater
417 1647 530 1707 mature
559 1649 692 1707 decessit.
744 1648 812 1725 Ipse
839 1648 1081 1723 adolescentulus,

167 1758 283 1821 propter
311 1746 480 1805 affinitatem
511 1745 544 1804 P.
574 1746 707 1822 Sulpicii,
735 1745 785 1820 qui
812 1745 964 1803 Tribunus
989 1745 1082 1821 plebia

112 1840 150 1899 15
172 1843 342 1901 interfectus
354 1853 408 1914 est,
423 1860 483 1899 nou
496 1860 599 1917 expers
613 1841 668 1899 suit
681 1840 757 1897 illius
775 1839 907 1916 periculi.
948 1838 1083 1916 Namque

169 1936 288 2007 Anicia,
302 1934 455 2011 Pomponii
468 1935 652 2007 consobrina,
667 1946 805 2010 nupserat
818 1935 861 1992 M.
874 1934 985 2008 Servio,
1003 1930 1083 1994 fratri

168 2031 201 2089 P.
235 2027 366 2105 Sulpicii.
421 2028 536 2104 Itaque¹
552 2029 704 2088 interfecto
732 2026 872 2105 Sulpicio,
896 2040 1083 2104 posteaquam

169 2126 241 2183 vidit
256 2123 414 2182 ·Ciunano
449 2124 574 2182 tumultu
610 2123 756 2183 civitatem
791 2141 856 2180 esse
875 2123 1083 2198 perturbatam,

168 2240 263 2296 neque
277 2219 332 2276 sibi
357 2219 420 2277 dari
445 2220 612 2277 facultatem
631 2238 683 2294 pro
704 2217 846 2293 dignitate
866 2216 993 2290 vivendi,
1013 2217 1083 2293 quin

108 2313 150 2374 20
171 2317 337 2373 alterutram
348 2325 458 2388 partem
472 2313 641 2384 offenderet,
656 2311 818 2370 dissociatis
840 2310 944 2369 animis
965 2311 1083 2384 civium,

168 2426 257 2485 quum
285 2408 335 2465 alii
360 2407 498 2480 Sullanis,
527 2407 576 2465 alii
600 2407 745 2465 Cinnanis
781 2407 910 2465 faverent
934 2406 1083 2482 partibos3

168 2505 305 2563 idoneum
319 2515 434 2579 tempus
447 2514 536 2575 ratur,
551 2502 654 2561 studiis
667 2500 845 2576 obsequendi
865 2500 935 2574 suis,
949 2501 1084 2559 Athenae

170 2619 200 2658 se
222 2598 353 2658 contulit.
395 2597 499 2673 Neque
523 2596 559 2656 ed
587 2595 683 2656 seciira
708 2597 921 2655 adolescentem
945 2594 1082 2667 Marium,

169 2696 281 2752 hostem
294 2692 467 2769 judicatum,
479 2692 554 2767 juvit
563 2692 666 2767 opibus
680 2691 759 2761 suis3
781 2690 865 2766 cujus
885 2692 984 2766 sugam
996 2710 1084 2766 pecu·

109 2790 150 2848 25
169 2789 219 2847 uiri
238 2786 405 2845 sublevavit.
447 2787 504 2859 Ac,
527 2805 565 2843 ne
591 2785 641 2843 illa
663 2785 858 2862 peregrinatio
878 2783 1084 2843 detrimentum

171 2884 284 2959 aliquod
307 2882 422 2939 afferret
444 2880 487 2939 rei
511 2879 656 2953 familiari,
684 2878 788 2937 eddem
814 2897 952 2954 magnam
972 2888 1083 2954 partem

169 2980 348 3037 fortunarum
362 2975 477 3052 trajecit
491 2995 617 3034 suerum.
658 2973 718 3032 Hic
732 2973 773 3032 ita
794 2973 874 3047 vixit,
888 2984 921 3031 ut
941 2973 1084 3031 universis

172 3071 403 3130 Atheniensibus
429 3067 532 3128 merito
559 3081 637 3128 esset
662 3068 837 3127 carissimus:
878 3065 956 3125 Nam
981 3080 1084 3144 preter

169 3166 302 3242 gratiam,
321 3183 385 3239 quae
407 3165 466 3241 jam
489 3163 519 3222 in
536 3164 761 3222 ¹adolescentulo
781 3181 888 3239 magna
911 3174 984 3236 erat,
1006 3161 1084 3239 eatpd

110 3261 151 3318 80
170 3258 231 3318 auis
251 3259 355 3334 opibus
376 3258 502 3334 inopiam
529 3276 630 3317 eorum
654 3257 801 3334 publicam
827 3256 940 3315 levavit.
981 3256 1085 3341 Quum

110 3350 129 3385 ⁸
170 3353 249 3411 eninr
263 3372 409 3411 versuram
425 3355 521 3411 facere
534 3351 651 3430 publice
665 3372 787 3411 necesse
810 3364 898 3425 esset,
912 3370 1008 3426 neque
1021 3351 1086 3428 ejus

169 3447 367 3507 conditionem
389 3466 500 3523 equam
524 3449 682 3517 haberent3
712 3465 825 3523 semper
847 3465 879 3504 se
903 3445 1085 3521 interposuit,

171 3551 257 3615 atque
279 3542 330 3613 ita,
341 3552 375 3599 ut
394 3560 489 3617 neque
515 3561 632 3601 usuram
652 3560 779 3617 unquam
806 3541 843 3599 ab
867 3539 904 3599 iis
928 3539 1089 3618 acceperit,
