2392 4132
124 357 163 417 40
569 368 694 419 CONON.

183 528 277 600 vellet,
292 527 399 602 eligere
414 528 450 584 ad
464 527 688 604 dispensandam
705 527 869 604 pecuniam.
910 527 951 584 Id
970 527 1090 586 arbitri·

182 643 238 694 am,
253 622 355 679 Conon
370 623 496 698 negavit,
510 625 556 680 sui
570 643 627 680 esse
641 624 763 696 consilii,
778 622 829 680 sed
844 624 945 699 ipsius,
968 624 1019 699 qui
1042 643 1090 699 op·

182 713 249 773 timo
263 736 327 773 suos
341 718 421 774 atissa
435 717 562 782 deberem
583 718 673 775 redsa
696 717 823 790 strowe,
838 717 1037 775 Pharnabazo
1058 717 1092 776 id

183 812 291 886 negotii
318 811 409 870 daret.
460 813 541 870 Hinc
567 813 681 889 magnis
707 813 875 870 muneribus
902 813 1025 871 donatus
1053 813 1089 870 ad

143 908 164 963 5
183 924 261 963 mare
276 919 319 965 est
333 907 448 979 missus,
463 918 494 965 ut
514 907 630 983 Cypriis
651 919 681 966 et
704 907 901 980 Phoenicibus,
920 908 1089 982 caterisque

182 1000 332 1058 maritimis
346 1001 509 1059 civitatibus
520 1022 608 1059 naves
619 1002 720 1078 longas
728 1002 891 1078 imperaret,
900 1002 1088 1076 classemque,

182 1095 239 1170 qud
266 1095 396 1170 proxima
423 1107 521 1154 aestate
549 1115 627 1154 mare
651 1096 726 1155 tueri
760 1108 865 1173 posset,
893 1108 1088 1173 compararet:

183 1191 249 1247 dato
264 1191 393 1265 adjutore
417 1191 618 1263 Pharnabazo,
641 1190 717 1248 sicut
740 1190 801 1266 ipse
825 1191 961 1248 voluerat.
1003 1190 1038 1247 Id
1058 1202 1090 1249 ut

182 1284 413 1342 Lacedaemoniis
426 1277 470 1343 est
483 1284 658 1356 nuntiatum,
674 1303 732 1342 non
746 1284 809 1342 sine
820 1285 892 1341 curri
903 1304 964 1341 rem
979 1284 1090 1341 admin-

128 1379 164 1437 10
183 1377 419 1454 istrdrunt,qubd
440 1379 534 1454 majus
558 1379 665 1435 bellum
688 1378 838 1436 imminere
864 1379 1088 1451 arbitrabantur,

183 1471 269 1547 quam
283 1472 307 1530 si
321 1492 388 1530 cum
398 1472 625 1530 Barbarosolirm
636 1474 853 1531 contenderent.
895 1473 972 1529 Nam
984 1475 1089 1530 ducem

183 1568 284 1626 fortem
311 1578 340 1625 et
365 1569 537 1642 prudentem
564 1567 668 1643 Regiis
694 1568 796 1643 opibus
830 1568 1028 1643 praefuturum,
1052 1587 1089 1625 ac

182 1683 281 1721 secum
306 1663 509 1722 dimicaturum
535 1663 682 1736 videbant,
716 1682 801 1738 quem
838 1682 931 1737 neque
954 1664 1089 1721 'consilio

181 1758 274 1834 neque
299 1759 389 1835 copiis
414 1746 548 1835 superare
569 1769 695 1834 possent.
747 1757 815 1815 Hac
838 1768 934 1815 mente
952 1776 1089 1832 magnam

125 1855 162 1912 lb
182 1854 357 1911 contrahunt
393 1853 515 1909 classem
537 1872 545 1922 ;
578 1853 799 1928 proficiscuntur
833 1851 975 1910 Pisandro
1003 1853 1087 1910 duce.

182 1949 246 2005 Hos
260 1947 362 2003 Conon
377 1947 453 2021 apud
465 1946 592 2003 Cnidum
607 1947 723 2006 adortus
747 1965 853 2022 magno
873 1947 973 2022 proelio
998 1948 1087 2023 sugat,

181 2041 285 2098 multas
298 2058 386 2096 naves
400 2039 487 2115 capit,
509 2040 670 2115 complures
692 2040 833 2117 deprimit.
874 2041 945 2102 Qut
968 2041 1088 2099 victoria

181 2155 240 2194 non
255 2133 347 2193 solbm
362 2136 497 2208 Athena,
512 2135 665 2193 sedetiam
679 2147 787 2194 cuncta
804 2136 929 2208 Gracia,
949 2154 1011 2210 qua
1034 2137 1088 2193 sub

181 2229 468 2288 Lacedaemoniorum
494 2231 587 2288 luerat
607 2229 736 2305 imperio,
748 2231 870 2289 liberata
888 2241 941 2288 est.
983 2231 1087 2289 Conon

122 2325 163 2384 20
183 2344 249 2382 cum
273 2335 354 2399 parte
375 2323 492 2380 navium
516 2324 546 2380 in
570 2324 692 2399 patriam
714 2325 809 2383 venit:
831 2344 928 2383 muros
946 2325 1088 2384 dirutosa

182 2418 343 2492 Lysandro,
358 2428 491 2492 utrosque
504 2428 534 2475 ct
548 2416 633 2474 Piraei
647 2428 677 2475 et
698 2419 890 2490 Athenarum,
913 2419 1087 2478 reficiendos

181 2523 273 2584 curat,
288 2512 476 2588 pecuniaque
490 2511 699 2588 quinquaginta
719 2514 838 2586 talenta,
849 2533 912 2588 quae
927 2533 943 2571 a
957 2514 1086 2572 Pharna-

181 2608 256 2665 bazo
271 2617 432 2681 acceperat,
447 2606 558 2663 civibus
572 2606 631 2685 suis
646 2607 741 2664 donat.

220 2702 256 2758 V.
299 2701 418 2758 Accidit
432 2700 510 2771 huic,
529 2700 605 2774 quod
625 2700 736 2757 catoris
750 2700 927 2772 mortalibus,
942 2711 974 2757 ut
988 2700 1088 2764 incon·

120 2797 161 2855 25
181 2795 330 2854 sideratior
352 2794 382 2850 in
404 2795 543 2866 secunda,
567 2791 653 2867 quam
679 2793 708 2849 in
733 2793 852 2850 adversa
873 2805 949 2852 esset
963 2795 1086 2855 fortuni.

180 2893 256 2950 Nam
272 2891 363 2949 classe
388 2888 660 2965 Peloponnesiorum
683 2887 806 2960 devicti,
828 2908 916 2963 quum
940 2890 1031 2946 ultum
1056 2911 1087 2948 se

180 2987 300 3063 injurias
313 2985 414 3062 patriae
427 2995 551 3060 putaret,
566 2984 648 3059 plura
666 2984 841 3059 concupivit,
864 2982 950 3058 qudm
972 2986 1087 3042 efficere

180 3081 280 3157 potuit.
322 3081 426 3155 Neque
440 3092 537 3137 tamen
551 3098 587 3136 ea
597 3097 656 3137 non
670 3079 730 3158 ¹pia
740 3089 769 3136 et
790 3079 938 3153 probanda
960 3080 1087 3152 fuerunt,

180 3174 257 3250 qudd
277 3173 373 3249 potiris
393 3174 493 3250 patriae
513 3193 582 3248 opes
607 3171 716 3247 augeri,
736 3170 822 3245 qudm
845 3171 948 3246 Regia,
973 3173 1085 3231 maluit.

121 3271 161 3328 30
181 3269 258 3326 Nam
272 3287 359 3342 quum
372 3287 507 3344 magnam
523 3266 722 3324 auctoritatem
736 3265 791 3322 sibi
805 3265 903 3340 pugna
917 3265 1086 3340 autumali,

181 3346 266 3439 quam
295 3364 370 3438 apud
398 3364 524 3420 Cnidum
553 3363 670 3433 fecerat,
691 3360 896 3431 constituisset,
919 3379 976 3416 non
992 3360 1086 3418 solum

181 3459 255 3517 inter
270 3457 411 3515 Barbaros
426 3459 476 3516 sed
490 3457 578 3516 etiam
592 3457 666 3514 inter
680 3475 780 3515 omnes
804 3455 925 3512 Graeciae
943 3454 1085 3529 civitates,

180 3553 254 3613 clam
270 3553 338 3609 dare
352 3570 467 3628 operam
482 3552 578 3628 coepit,
590 3562 622 3609 ut
636 3550 749 3610 Ioniam
762 3561 792 3608 et
805 3550 931 3609 AEoliam
956 3550 1087 3609 restitue·
