2392 4132
79 412 84 425 Ι
111 332 152 390 90
543 337 710 395 PHQOION.

171 499 258 557 donid
269 498 368 575 pulsus
380 508 431 556 est.
472 496 543 558 Quo
555 496 631 554 sacto
641 496 763 572 populus
771 497 898 571 superior
908 495 1012 567 sactus,
1023 505 1079 553 sta·

170 594 221 652 tim
235 596 325 650 duces
340 591 508 649 adversarie
520 591 664 662 factionis,
679 589 781 666 cepitis
800 590 961 661 damnatos,
985 589 1080 665 patriis

169 689 296 764 pepulit3
319 687 348 744 in
363 687 408 744 his
431 685 608 744 Phocionem
632 696 662 743 et
684 683 864 742 Demetrium
889 684 1079 743 Phalereum:

170 783 261 857 deque
276 783 311 839 eri
326 802 356 838 re
367 783 477 857 legatos
489 782 525 837 ad
540 780 814 856 Polysperchontem
827 779 914 851 misit,
926 778 975 854 qui
994 779 1030 835 ab
1044 798 1081 837 eo

129 878 150 935 5
168 888 308 953 peterent,
323 888 355 934 ut
369 895 421 933 sua
439 876 557 933 decreta
573 875 764 933 confirmaret.
807 873 876 931 Huc
889 872 993 931 eddem
1016 894 1081 949 pro·

170 972 263 1028 fectus
276 982 320 1029 est
333 970 472 1029 Phocion.
512 967 584 1031 Qud
598 981 630 1027 ut
643 969 732 1041 venit,
744 988 863 1026 causam
882 970 958 1044 apud
971 968 1080 1043 Philip-

168 1084 237 1141 pum
251 1085 349 1142 regem
364 1066 459 1138 verbo,
484 1083 514 1122 re
523 1063 585 1140 ipsit
595 1063 712 1138 quidem
723 1065 798 1139 apud
807 1063 1080 1139 Polysperchontem

166 1159 264 1235 jussus
275 1172 318 1218 est
329 1161 433 1217 dicere.
476 1158 610 1232 Namque
624 1157 649 1215 is
662 1168 723 1216 tum
736 1158 812 1233 regis
834 1159 922 1216 rebus
945 1169 1075 1233 preerat.

169 1253 229 1311 Hic
256 1255 292 1310 ab
316 1252 472 1329 Agnonide
499 1262 661 1325 accusatus,
688 1250 765 1326 qudd
790 1251 914 1309 Piraeum
936 1252 1079 1311 Nicanori

114 1347 150 1405 10
168 1347 349 1423 prodidisset,
370 1366 407 1404 ex
427 1345 540 1404 consilii
560 1345 715 1419 sententiat,
736 1345 767 1403 in
787 1345 949 1404 custodiam
963 1348 1081 1422 conjec-

168 1452 224 1515 tus,
239 1443 372 1501 Athenas
390 1441 532 1498 deductus
553 1451 607 1514 est,
625 1452 658 1499 ut
682 1441 723 1507 ibi
746 1441 783 1498 de
804 1460 839 1499 eo
860 1440 974 1516 legibus
997 1443 1081 1501 fieret

166 1536 317 1614 judicium.
712 1595 717 1603 ,

208 1632 261 1690 lv.
303 1632 371 1689 Huc
386 1631 435 1688 ubi
450 1642 619 1707 perventum
632 1643 687 1703 est,
711 1650 800 1707 quum
822 1643 937 1708 propter
962 1643 1078 1690 aetatem

168 1727 290 1801 pedibus
299 1727 359 1802 jam
373 1745 432 1783 non
446 1725 563 1798 valeret,
579 1725 766 1801 vehiculoque
786 1737 955 1802 portaretur,
980 1727 1079 1802 magni

112 1822 149 1878 15
169 1841 327 1879 concursus
341 1832 408 1878 sunt
417 1819 505 1890 sacti;
526 1839 614 1895 quum
625 1819 683 1892 alii,
695 1820 915 1878 reminiscentes
925 1820 1030 1878 veteris
1040 1822 1080 1879 fa·

169 1935 234 1988 mae,
250 1915 342 1972 aetatis
356 1914 576 1983 misererentur3
597 1914 713 1989 plurimi
726 1913 794 1971 verri
804 1914 847 1971 iro
857 1926 1077 1982 exacuerentur,

167 2021 282 2085 propter
294 2008 464 2084 proditionis
478 2007 671 2083 suspicionem
685 2009 780 2082 Piraei,
805 2008 986 2085 maximeque
1000 2009 1079 2085 qudd

169 2102 305 2161 adversis
318 2103 415 2179 populi
436 2103 588 2161 commoda
615 2102 645 2160 in
667 2115 817 2162 senectute
838 2116 964 2163 steterat.
1005 2105 1079 2167 Qut

169 2199 205 2256 de
229 2218 260 2256 re
281 2218 319 2255 ne
343 2197 496 2273 perorandi
520 2198 636 2272 quidem
657 2197 685 2255 ei
704 2198 771 2256 data
790 2210 834 2257 est
848 2200 979 2272 facultas,
993 2211 1023 2258 et
1037 2201 1079 2258 di-

108 2295 149 2353 20
169 2294 255 2352 cendi
269 2310 395 2349 causam.
437 2291 511 2348 Inde
523 2291 644 2366 judicio,
664 2292 802 2367 legitimis
816 2292 987 2367 quibusdam
1009 2313 1079 2353 con·

168 2387 261 2458 sectis,
277 2386 439 2457 damnatus,
464 2384 586 2443 traditus
605 2396 650 2443 est
672 2386 888 2461 undecimviris,
912 2388 1018 2463 quibus
1040 2391 1077 2448 ad

167 2480 351 2558 supplicium,
366 2499 445 2537 more
459 2479 694 2554 Atheniensium,
709 2481 825 2557 publice
847 2484 976 2542 damnati
1000 2485 1078 2543 tradi

168 2576 269 2635 solent.
311 2575 371 2634 Hic
384 2595 472 2651 quum
487 2577 523 2633 ad
537 2588 658 2634 mortem
673 2578 837 2650 duceretur,
859 2579 960 2637 obvius
973 2579 1002 2638 ei
1023 2581 1079 2639 suit

168 2671 367 2746 Emphyletus,
389 2690 446 2745 quo
475 2671 652 2729 familiariter
678 2673 772 2730 fuerat
795 2692 874 2731 usus.
926 2674 957 2732 Is
986 2695 1077 2751 quum

108 2765 149 2825 25
167 2765 323 2825 lacrimans
335 2763 465 2837 dixisset,
484 2764 514 2821 0
527 2762 611 2840 quum
622 2765 747 2840 indigna
749 2770 909 2847 perpeteris
919 2770 1077 2831 Phocion!

168 2861 237 2919 huic
258 2859 316 2945 ille,
329 2858 374 2916 Ar
397 2860 634 2935 necinopinato,
655 2859 764 2936 inquit3
786 2863 859 2920 huuc
879 2864 952 2922 enim
972 2867 1077 2925 exitam

162 2956 294 3034 plerique
307 2954 382 3011 clari
394 2955 453 3012 viri
466 2954 625 3012 tabuerunt
638 2954 833 3015 Athenienses.
875 2958 912 3016 Iu
936 2961 992 3019 hoc
1012 2973 1076 3020 tan·

167 3063 229 3110 tum
256 3049 311 3109 fuit
333 3049 433 3109 odium
459 3049 662 3124 multitudinis,
687 3062 720 3109 ut
740 3070 826 3108 nemo
851 3071 938 3112 ausus
957 3053 1076 3114 siteum

167 3145 240 3204 liber
254 3144 383 3221 sepelire.
424 3145 527 3220 Itaque
541 3163 559 3201 a
571 3144 660 3203 servis
674 3145 804 3220 sepultus
817 3157 868 3204 est
