2392 4132
109 354 151 415 94
369 399 372 404 ·
509 365 557 415 DE
574 364 738 415 REGIBUS.

169 544 223 584 suo
237 525 307 584 fecit
319 525 418 583 omnia
426 545 434 596 ;
453 544 512 601 quo
533 524 641 584 lactum
663 537 716 598 est,
737 525 848 601 atejus
861 524 939 584 diem
952 527 1079 586 natalem

168 621 274 679 festum
290 621 409 679 haberet
422 621 557 678 universa
570 620 681 678 Sicilia.
723 620 803 678 Huic
824 621 941 696 quidam
963 622 1082 681 Lames-

169 716 237 788 tius,
257 718 343 774 homo
376 716 509 792 petulans
543 727 573 774 et
600 716 740 792 ingratus,
767 716 964 775 vadimonium
990 738 1080 794 quum

167 813 254 870 vellet
275 813 433 889 imponere,
448 810 524 887 qudd
550 831 617 870 cum
632 812 681 870 illo
695 832 725 870 se
739 814 803 889 lege
818 832 903 890 agere
918 814 1038 889 diceret,
1052 828 1082 874 et

129 910 150 968 5
170 911 331 987 complures
345 909 570 982 concurrissent,
585 909 634 985 qui
647 909 854 985 procacitatem
873 911 999 969 hominis
1022 931 1082 970 ma·

169 1005 256 1062 nibus
270 1009 407 1063 coercere
421 1015 595 1063 conarentur
607 1023 615 1074 3
633 1003 792 1062 Timoleon
810 1004 901 1062 oravit
919 1024 1029 1079 omnes,
1043 1025 1081 1064 ne

170 1101 200 1157 id
214 1101 351 1158 facerent.
392 1098 527 1174 Namque
540 1098 570 1156 id
585 1110 617 1156 ut
630 1097 777 1156 Lamostio
791 1099 959 1175 caeterisque
970 1099 1082 1174 liceret,

168 1214 200 1252 se
214 1195 354 1252 maximos
367 1195 480 1251 labores
502 1213 670 1268 summaque
690 1193 795 1251 adiisse
815 1194 953 1270 pericula.
994 1195 1082 1252 Hauc

169 1290 248 1347 enim
262 1289 389 1366 speciem
412 1287 552 1346 libertatis
566 1306 641 1360 esse,
656 1287 680 1344 si
693 1287 838 1361 omnibuS,
863 1289 938 1364 quod
962 1289 1082 1365 quisque

115 1385 152 1443 10
173 1385 268 1456 vellet,
296 1383 410 1460 legibus
436 1380 560 1458 experiri
587 1381 696 1440 liceret.
738 1381 832 1455 Idem,
854 1402 941 1457 quum
964 1383 1081 1459 quidam

171 1479 311 1538 Lamestii
326 1478 437 1551 similis,
449 1478 566 1535 nomine
578 1476 776 1550 Demaenetus,
789 1477 818 1534 in
831 1478 971 1536 concione
982 1479 1082 1554 populi

171 1575 208 1632 de
237 1574 324 1633 rebus
347 1572 436 1650 gestis
463 1573 526 1648 ejus
551 1573 701 1629 detrahere
727 1572 870 1648 coepisset,
893 1591 928 1630 ac
941 1575 1083 1631 nonnulla

169 1669 353 1727 inveheretur
374 1667 404 1726 in
424 1667 620 1740 Timoleonta,
635 1666 717 1740 dixit,
731 1686 812 1724 nunc
834 1667 950 1724 demum
972 1687 1003 1725 se
1024 1670 1083 1727 voti

170 1783 234 1822 esse
261 1765 438 1822 damnatum.
492 1761 628 1837 Namque
660 1763 723 1818 haec
748 1780 765 1818 a
791 1761 847 1819 diis
874 1762 1084 1820 immortalibus

114 1862 151 1919 15
171 1880 283 1934 semper
297 1870 457 1935 precatum,
473 1871 505 1915 ut
519 1857 605 1915 talem
620 1857 780 1914 libertatem
801 1856 985 1915 restituerent
999 1858 1085 1935 Syra·

171 1954 298 2026 cusanis,
327 1953 356 2009 in
383 1953 440 2028 qud
467 1952 559 2010 cuivis
583 1951 694 2024 liceret,
709 1951 745 2008 de
773 1971 829 2029 quo
853 1952 948 2025 vellet,
963 1952 1083 2029 impune

170 2049 276 2106 dicere.
318 2047 377 2105 Hic
391 2067 480 2125 quum
494 2047 572 2105 diem
597 2065 763 2124 supremum
786 2046 915 2121 obiisset,
929 2047 1050 2124 publicd
1068 2068 1085 2107 a

169 2142 362 2220 Syracusanis
375 2143 406 2201 in
420 2143 581 2220 gymnasio,
600 2143 677 2218 quod
698 2141 934 2201 Timoleonteum
960 2144 1085 2220 appella-

169 2251 225 2312 tur,
240 2239 301 2297 tota
315 2239 481 2296 celebrante
496 2237 598 2295 Sicilid
612 2239 741 2314 sepultus
755 2250 807 2296 est.

505 2469 749 2481 ———.

382 2632 469 2690 XXI.
511 2632 577 2690 DE
616 2633 870 2691 REGIBUS.

109 2791 151 2850 20
209 2790 235 2847 I.
277 2789 318 2846 Hi
329 2787 390 2846 fert
406 2790 523 2847 suerunt
535 2788 658 2846 Grecis
680 2788 775 2864 gentis
790 2789 890 2863 duces,
903 2790 953 2866 qui
978 2810 1085 2850 memo·

167 2885 210 2946 rit
224 2885 306 2962 digni
319 2885 501 2958 videbantur,
515 2896 618 2961 preter
639 2904 730 2962 reges,
771 2884 906 2960 Namque
927 2904 978 2942 eos
1000 2887 1084 2944 attin·

168 3000 237 3058 gere
257 2979 413 3054 noluimus,
427 2979 503 3056 qudd
518 2981 648 3038 omnium
662 3000 708 3039 res
722 2992 811 3056 gesta
835 2981 989 3057 separatim
1015 2992 1084 3040 sunt

169 3076 276 3133 relate.
318 3075 422 3151 Neque
436 3086 534 3133 tamen
549 3076 579 3132 hi
594 3076 749 3134 admodum
769 3087 836 3133 sunt
860 3076 951 3133 multi.
992 3076 1085 3134 Lace·

169 3171 329 3228 daemonius
354 3182 450 3228 autem
465 3169 622 3245 Agesilaiis
645 3170 774 3242 nomine,
789 3189 847 3228 non
862 3181 1014 3246 potestate,
1030 3171 1085 3230 fuit

109 3264 151 3323 25
171 3283 238 3334 rex3
260 3265 346 3323 sicuti
361 3264 458 3323 caeteri
473 3264 617 3341 Spartani.
659 3264 703 3321 Ex
718 3264 763 3321 his
778 3263 856 3338 verb,
880 3264 930 3340 qui
954 3265 1084 3323 domina-

170 3370 232 3417 tum
247 3358 367 3434 imperio
380 3371 546 3431 tenuerunt,
560 3359 797 3416 excellentissimi
819 3361 935 3417 fuerunt
958 3359 1004 3436 (ut
1029 3381 1083 3419 nos

167 3453 346 3533 judicamus)
362 3455 515 3512 Persarum
529 3455 633 3529 Cyrus,
648 3466 677 3513 et
691 3454 797 3513 Darius
820 3455 973 3532 Hystaspis
987 3456 1064 3515 lilius
1076 3478 1083 3527 3

169 3566 290 3623 quorum
304 3559 425 3624 uterque
450 3550 578 3625 privatus
598 3550 703 3608 virtute
735 3568 856 3626 regnum
884 3563 928 3610 est
951 3552 1083 3628 adeptus.

170 3642 252 3702 Prior
266 3645 368 3702 horum
383 3645 459 3719 apud
470 3643 652 3720 Massagetas
667 3644 697 3703 in
708 3644 808 3720 proelio
817 3645 933 3704 cecidit.
975 3645 1084 3707 Darius
