2392 4132
118 320 158 379 82
518 316 745 377 A'Lulsslnons.

178 498 210 544 ut
228 485 341 543 absenti
363 485 563 560 magistratum
599 486 782 562 abrogarent,
806 497 836 544 et
861 484 949 542 alium
972 484 1001 542 in
1027 484 1091 562 ejus

176 581 273 638 locum
287 580 502 639 substituerent.
545 581 580 637 Id
595 581 643 638 ille
657 592 689 639 ut
704 580 823 653 audivit,
845 581 963 638 domum
985 581 1090 639 reverti

176 675 278 746 noluit,
290 687 319 733 et
334 695 364 732 sc
378 674 508 750 Pactyen
532 675 665 748 contulit,
680 676 777 751 ibique
799 675 855 734 tria
873 675 994 734 castella
1014 695 1091 734 com·

175 770 308 842 munIvit,
337 770 458 842 Bornos,
494 770 665 844 Bisanthen,
702 770 910 841 Neontichos3
944 790 1090 847 manuque

135 866 156 924 5
176 865 299 922 collecta
312 864 421 940 primus
445 865 567 922 Graeciae
585 865 714 924 ciuitatis
734 865 764 923 in
786 866 946 924 Thraciam
971 866 1092 938 introiit,

175 957 328 1035 gloriosius
355 960 534 1033 existImans,
562 961 755 1038 Barbarorum
785 960 883 1036 praeda
910 960 1091 1036 locupletari,

175 1052 263 1129 qualm
276 1055 438 1113 Graiorum.
479 1054 552 1117 Qud
565 1075 602 1112 ex
616 1075 646 1113 re
668 1066 797 1113 creverat
816 1073 905 1130 quum
928 1056 1005 1113 famd
1030 1058 1090 1113 tuh]

175 1150 288 1226 opibus,
305 1169 497 1226 magnamque
512 1150 670 1209 amicitiam
685 1150 740 1207 sibi
754 1169 822 1207 cum
833 1149 1007 1225 quibusdam
1018 1151 1092 1228 regi·

176 1246 240 1318 bus,
256 1246 392 1303 Thraciae
413 1258 572 1323 pepererat

120 1340 157 1398 10
215 1340 302 1398 VIII.
345 1340 450 1415 Neque
473 1353 571 1398 tamen
594 1360 612 1398 a
632 1340 753 1398 caritate
775 1340 875 1417 patriae
898 1341 992 1416 potuit
1011 1361 1092 1400 rece·

176 1436 253 1493 dere.
296 1436 374 1492 Nam
389 1455 478 1510 quum
493 1437 568 1512 apud
585 1436 677 1512 AEgos
692 1435 800 1492 flumen
815 1436 971 1508 Philocles,
985 1448 1090 1512 praetor

176 1531 412 1599 Atheniensium,
428 1532 550 1589 classem
565 1531 763 1590 constituisset
787 1550 879 1603 suam,
894 1550 988 1606 neque
1002 1532 1091 1610 longe*

176 1627 290 1684 abesset
305 1627 465 1702 Lysander,
479 1639 582 1702 prator
607 1626 906 1698 Lacedaemoniorum,
931 1628 980 1701 qui
1003 1627 1033 1684 in
1056 1648 1092 1687 eo

175 1735 237 1780 erat
263 1735 433 1798 occupatus,
461 1735 493 1780 ut
520 1723 628 1779 bellum
655 1720 741 1797 qualm
769 1720 931 1780 diutissime
960 1723 1090 1798 duceret,

118 1817 156 1874 15
175 1816 253 1892 qudd
283 1818 351 1892 ipsis
385 1817 511 1892 pecunia
539 1836 555 1873 a
582 1817 667 1892 Rege
705 1817 953 1893 suppeditabatur,
989 1816 1091 1878 contrd

176 1911 407 1969 Atheniensibus
421 1911 569 1967 exhaustis
583 1921 686 1986 praeter
701 1930 781 1969 arma
794 1922 824 1968 et
837 1931 926 1968 naves
942 1911 1014 1970 nihil
1029 1925 1091 1972 erat

176 2004 282 2081 super:
314 2004 484 2061 Alcibiades
507 2005 542 2061 ad
566 2004 791 2063 Atheniensium
816 2006 896 2064 venit
919 2007 1090 2080 exercitum,

176 2099 273 2174 ibique
286 2111 428 2175 praesente
442 2100 529 2175 vulgo
543 2118 628 2175 agere
644 2100 741 2175 coepit,
756 2100 783 2157 si
796 2101 906 2172 vellent,
928 2121 956 2158 se
979 2111 1091 2159 coaetu-

176 2215 238 2251 rum
252 2195 440 2271 Lysandrum
455 2204 506 2251 aut
520 2195 657 2252 dimicare
672 2204 722 2252 aut
738 2215 840 2272 pacem
859 2205 976 2271 petam
998 2197 1091 2255 Lace-

115 2289 156 2348 20
176 2290 326 2347 dementes
354 2288 386 2347 ed
410 2291 482 2347 icelle
510 2289 662 2365 conflagere
687 2291 786 2362 classe,
812 2288 891 2366 qudd
906 2280 1089 2367 pedestribus

176 2387 266 2461 copiis
288 2383 360 2460 pleis
388 2382 473 2460 quum
500 2385 621 2442 nauibus
648 2385 796 2448 vulereut‚·
825 2385 882 2441 sibi
911 2394 1004 2443 autem
1032 2407 1090 2445 esse

166 2478 273 2555 facile,
296 2479 430 2552 Seuthen,
452 2498 546 2553 regem
566 2479 720 2552 Thracum,
735 2480 880 2552 deducere,
895 2490 927 2537 ut
941 2502 985 2538 eos
1010 2482 1090 2541 terrd

176 2575 343 2651 depelleret;
365 2573 524 2651 quofacto,
539 2573 699 2633 necessarid
714 2584 766 2632 aut
785 2576 873 2632 classe
896 2575 1090 2653 conflicturus,

175 2678 227 2728 aut
241 2670 338 2727 bellum
353 2671 564 2746 composituros.
606 2668 641 2725 Id
653 2669 707 2727 etsi
723 2667 789 2726 vere
812 2668 922 2725 dictum
943 2667 1091 2732 Philocles

115 2767 155 2826 25
176 2765 432 2837 animadvertebat,
460 2776 558 2822 tamen
585 2763 728 2839 postulata
756 2764 851 2820 facere
878 2763 980 2836 noluit,
1011 2767 1089 2841 qudd

175 2861 328 2933 sentiebat,
343 2879 384 2933 se,
400 2858 554 2917 Alcibiade
569 2871 696 2935 recepto,
721 2857 828 2916 nullius
849 2861 987 2919 momenti
1012 2864 1088 2938 apud

174 2957 333 3017 exercitum
349 2956 487 3028 futurum,
499 2966 538 3027 et,
553 2955 577 3013 si
591 2954 660 3030 quid
674 2955 797 3012 secundi
811 2955 964 3027 evenisset,
979 2958 1087 3014 nullam

176 3055 206 3112 in
217 3054 253 3110 ed
268 3073 297 3111 re
312 3071 394 3110 suam
408 3064 519 3129 partem
535 3052 613 3120 fore3
646 3062 747 3108 contra
768 3069 813 3123 ea,
836 3050 860 3107 si
882 3051 950 3124 quid
977 3051 1087 3108 adversi

176 3147 339 3219 accidisset,
352 3167 383 3205 se
398 3166 488 3204 unum
505 3146 568 3222 ejus
582 3145 681 3203 delicti
697 3147 824 3202 futurum
838 3165 928 3203 reum.
970 3146 1018 3202 Ab
1033 3146 1088 3205 hoc

115 3242 156 3301 30
176 3241 331 3298 discedens
345 3241 525 3313 Alcibiades,
541 3240 717 3315 ‘quoniam'
745 3239 848 3313 inquit,
873 3239 1019 3297 ‘victoriae
1040 3260 1090 3315 pa-

175 3335 237 3395 triae
251 3354 406 3411 repugnas,
421 3336 492 3394 illud
507 3354 621 3407 moneo,
641 3335 724 3411 juxta
745 3335 843 3392 hostes
864 3346 960 3392 castra
981 3334 1089 3394 habeas

175 3430 303 3488 nautIca.
344 3428 511 3488 Periculum
525 3441 569 3488 est
583 3429 672 3501 enim,
697 3449 734 3487 ne
760 3429 942 3486 immodestia
964 3428 1088 3487 militum

176 3536 338 3585 nostrorum
364 3524 481 3584 occasio
507 3525 591 3585 detur
613 3524 764 3600 Lysandro
791 3523 881 3583 nostri
906 3523 1088 3601 opprimendi
