2392 4132
116 331 173 392 120
416 340 448 394 Τ.
465 339 667 394 POMPONIUS
684 340 847 395 annisus.

174 502 280 572 villam,
295 519 388 576 neque
404 502 434 558 in
448 501 543 574 Italia,
568 514 671 577 praeter
690 502 883 559 Ardeatinum
905 513 934 559 et
955 500 1084 559 Nomen·

173 607 284 668 tanum,
316 596 455 653 rusticum
492 579 651 671 piaedium:
683 597 833 670 omnisque
860 596 923 671 ejus
950 597 1083 671 pecuniae

174 691 283 746 reditus
298 690 447 747 constabat
458 689 488 745 in
504 689 659 764 Epiroticis
673 700 701 746 et
715 690 833 747 urbanis
844 691 1081 765 possessionibus.

174 783 219 840 Ex
233 802 288 857 quo
303 783 439 857 cognosci
453 795 555 858 potest,
571 802 637 839 eum
653 802 736 839 usum
758 784 900 858 pecuniae,
922 804 980 843 non
1004 804 1083 860 mag·

133 877 154 934 5
173 878 315 949 nitudine,
331 879 381 934 sed
396 877 516 948 ratione,
533 877 628 934 metiri
641 877 765 934 solitum.

212 971 279 1029 XV.
322 971 510 1028 Mendacium
524 990 618 1045 neque
633 972 758 1044 dicebat,
773 990 865 1045 neque
880 971 938 1046 pati
961 983 1081 1046 poterat.

94 1051 97 1056 Δ
135 1134 139 1139 ἢ
167 1064 268 1139 Itaque
282 1067 344 1141 ejus
358 1066 478 1125 comitas
492 1086 550 1123 non
572 1065 635 1122 sine
649 1065 799 1139 severitate
813 1078 884 1130 erat,
904 1085 996 1140 noque
1019 1086 1083 1142 gra·

173 1161 245 1218 vitas
259 1161 322 1217 sine
337 1160 483 1232 facilitate,
509 1171 539 1218 ut
563 1159 680 1216 difficile
706 1171 783 1216 esset
804 1159 962 1230 intellectu,
986 1159 1081 1218 utrium

173 1273 240 1311 eum
255 1255 341 1311 amici
364 1255 457 1329 magis
485 1264 660 1325 vererentur,
690 1271 726 1309 an
749 1264 887 1311 amarent.
929 1254 1082 1328 Quidquid

117 1347 153 1404 10
173 1347 336 1422 rogabatur,
363 1345 496 1422 religios&
524 1347 726 1422 promittebat3
758 1345 834 1421 qudd
860 1367 918 1405 non
945 1348 1080 1421 liberalis,

173 1444 223 1498 sed
251 1441 332 1513 levis,
360 1441 559 1514 arbitrabatur,
586 1441 716 1517 polliceri
749 1441 825 1515 quod
860 1453 996 1516 praestare
1022 1463 1081 1501 non

171 1548 276 1611 posset.
318 1535 400 1592 Idem
425 1535 455 1591 in
479 1535 599 1594 nitendo
622 1535 697 1610 quod
718 1536 807 1592 semel
829 1536 987 1609 annuisset,
1002 1538 1082 1595 tantia

172 1641 233 1687 erat
248 1630 327 1702 curri,
352 1642 384 1688 ut
405 1649 463 1687 non
491 1631 657 1688 mandatam
682 1631 732 1687 sed
754 1649 836 1687 suam
857 1650 919 1687 rem
938 1631 1081 1690 videretur

173 1743 267 1800 agere.
309 1724 466 1799 Nunquam
489 1725 616 1800 suscepti
635 1725 744 1800 negotii
765 1743 832 1781 eum
853 1737 1006 1800 pertaesum
1027 1738 1080 1784 est.

116 1821 153 1876 15
175 1821 264 1876 Suam
278 1819 356 1876 enim
371 1819 613 1877 existimationem
634 1818 664 1875 in
686 1819 722 1875 eri
744 1838 774 1876 re
799 1819 847 1894 agi
868 1820 1003 1894 putabat;
1024 1821 1081 1894 qud

172 1913 244 1970 nihil
259 1913 384 1970 habebat
398 1912 502 1969 carius.
544 1913 614 1972 Quo
627 1912 724 1984 fiebat,
739 1924 771 1970 ut
781 1913 879 1970 omnia
893 1913 1080 1987 Ciceronum,

173 2006 304 2078 CatoniS,
333 2005 431 2078 Marii,
460 2006 621 2078 Hortensii,
649 2006 720 2062 Auli
746 2007 898 2081 Torquati,
926 2009 1081 2066 multorum

172 2112 312 2175 praeterea
325 2100 454 2176 equitum
468 2100 667 2158 Romanorum
681 2101 798 2176 negotia
818 2115 993 2175 procuraret.
1035 2103 1081 2161 Ex

171 2214 228 2269 quo
251 2194 376 2270 judicari
401 2205 523 2269 poterat,
547 2214 606 2252 non
633 2194 737 2252 inertia
761 2195 811 2250 sed
836 2194 948 2269 judicio
972 2197 1080 2271 fugisse

111 2289 152 2347 20
172 2290 336 2364 reipublicae
350 2289 589 2363 procurationem.

183 2371 191 2387 ²
210 2381 294 2439 XVI.
336 2381 533 2439 Humanitatis
547 2379 614 2438 verb
628 2381 740 2438 nullum
765 2381 866 2440 afferre
888 2401 981 2460 majus
1002 2387 1081 2444 testi·

170 2475 299 2532 monium
325 2494 452 2550 possum,
479 2471 565 2550 quam
592 2473 670 2551 quod
705 2476 875 2536 adolescens
913 2479 989 2536 idem
1017 2481 1080 2537 seni

171 2570 258 2625 salle
273 2569 359 2627 firerit
366 2569 604 2644 jucundissimus,
616 2590 706 2628 senex
720 2571 897 2629 adolescenti
911 2572 952 2628 M.
968 2573 1059 2631 Bruto
1072 2596 1079 2646 3
1112 2592 1116 2597 ’

146 2674 147 2677 ’
170 2682 238 2720 cum
252 2664 409 2738 aequalibus
423 2675 519 2721 autem
539 2665 609 2736 suis,
632 2665 673 2726 Q.
698 2665 855 2723 Hortensio
877 2678 907 2722 at
930 2664 972 2722 M.
996 2667 1082 2725 Cice·

110 2758 151 2818 25
171 2777 251 2831 rone,
266 2758 309 2815 sic
323 2757 435 2829 vixerit,
450 2769 482 2815 ut
492 2758 625 2832 judicare
639 2757 756 2815 difficile
770 2758 817 2832 sit,
832 2758 880 2816 cui
903 2760 981 2818 oetati
995 2763 1081 2819 suerit

170 2851 344 2928 aptissimus.
385 2851 562 2926 Quanquam
583 2871 650 2908 eum
673 2851 819 2929 praecipue
842 2853 943 2913 dilexit
965 2855 1080 2930 Cicero,

171 2959 203 3005 ut
217 2966 254 3004 ne
268 2948 355 3005 frater
369 2947 485 3021 quidem
499 2946 527 3003 ei
537 2946 669 3016 Quintus
683 2947 776 3005 carior
791 2948 876 3006 suerit
891 2961 940 3008 aut
961 2949 1080 3008 familia·

169 3041 236 3100 rior.
278 3041 315 3098 Ei
329 3041 370 3098 rei
382 3052 449 3100 sunt
463 3041 584 3114 indicio,
598 3055 700 3118 praeter
715 3063 764 3101 eos
777 3043 865 3102 libros
882 3043 912 3100 in
926 3044 1030 3120 quibus
1043 3047 1079 3103 de

170 3155 205 3194 eo
217 3137 287 3194 facit
300 3136 488 3207 mentionem,
502 3135 551 3211 qui
565 3136 595 3192 in
609 3138 712 3212 vulgus
736 3150 804 3196 sunt
829 3138 910 3211 editi,
933 3140 1079 3197 sexdecim

110 3229 151 3289 3⁰
170 3230 316 3287 volumina
326 3231 521 3306 epistolarum,
537 3231 573 3287 ab
587 3232 739 3290 consulatu
753 3232 816 3307 ejus
827 3252 918 3308 usque
932 3234 967 3289 ad
988 3245 1080 3292 extre·

169 3342 250 3381 mum
264 3335 377 3399 tempus
391 3325 427 3382 ad
442 3324 574 3383 Atticum
585 3325 754 3384 missarum:
778 3345 841 3400 quae
855 3327 904 3402 qui
924 3328 1012 3403 legat,
1021 3348 1080 3387 non

170 3416 293 3476 multirm
309 3419 454 3478 desideret
477 3419 626 3477 historiam
647 3432 812 3478 contextam
835 3421 947 3479 illorum
973 3432 1081 3497 ternpo-

170 3530 243 3569 rum.
298 3513 349 3570 Sic
375 3513 454 3570 enim
478 3514 577 3572 omnia
602 3515 639 3572 de
667 3515 775 3572 studiis
803 3514 977 3590 principum,
1004 3515 1081 3574 vitiis
