2392 4132
115 367 155 428 dt
537 378 719 434 DATAMES.

175 541 269 598 omnis
291 540 467 601 consistebat
489 543 606 602 Datami
621 545 651 607 in
663 563 693 603 se
705 544 819 620 locique
828 541 945 601 naturai:
960 558 1086 616 namque

175 637 260 711 hujus
273 650 383 712 partem
398 658 455 695 non
472 640 597 698 habebat
610 640 776 697 vicesimam
794 639 926 696 militurn.
967 637 1086 698 Quibus

175 732 264 788 fretus
278 731 417 804 conflixit,
433 732 716 810 adversariorumque
730 735 821 791 multa
834 732 925 790 millia
946 730 1085 801 concidit,

173 845 260 900 quum
285 826 321 882 de
344 827 434 902 ipsius
457 828 587 886 exercitu
608 848 667 886 non
691 828 813 904 amplius
834 826 984 885 hominnm
1006 825 1085 882 mille

45 970 49 977 .
133 921 153 977 5
174 921 347 980 cecidisset:
368 941 454 998 quam
468 923 505 980 ob
519 943 637 981 causam
648 936 762 1000 postero
772 924 819 980 die
829 921 1084 998 tropaeum-posuit,

173 1036 229 1091 quo
256 1019 319 1076 loco
347 1018 439 1094 pridie
463 1031 623 1095 pugnatum
656 1030 725 1077 erat.
767 1018 848 1075 Hinc
875 1036 963 1092 quum
990 1028 1084 1074 castra

172 1111 316 1184 movisset,
344 1132 512 1188 semperque
537 1113 655 1170 inferior
677 1113 778 1189 copiis,
800 1111 929 1188 superior
949 1110 1084 1168 omnibus

171 1207 279 1281 proeliis
302 1207 473 1279 discederet,
493 1206 570 1283 qudd
597 1226 745 1282 nunquam
766 1225 885 1264 manum
908 1214 1082 1289 consereret,

172 1301 228 1358 nisi
242 1321 329 1376 quum
345 1302 520 1359 adversarios
534 1303 663 1359 locorum
678 1301 819 1377 angustiis
830 1300 982 1358 clausisset
993 1298 1082 1375 (quod

117 1394 153 1452 10
173 1396 264 1470 perito
275 1395 425 1471 regionum
447 1395 609 1472 callideque
634 1394 774 1472 cogitanti
795 1393 872 1471 saepd
899 1393 1081 1471 accidebat):

172 1492 415 1566 Autophrodates,
430 1510 518 1566 quum
534 1492 641 1548 bellurn
656 1490 724 1548 duci
738 1491 847 1565 majore
869 1489 963 1565 Regis
976 1488 1083 1546 calam·

172 1585 251 1655 itate,
265 1583 352 1661 qudrn
374 1586 611 1660 adversariorum,
633 1586 753 1658 videret,
777 1585 812 1642 ad
836 1603 939 1661 pacem
961 1583 1083 1642 amiciti-

173 1701 274 1756 amque
289 1684 418 1739 hortatus
440 1693 493 1755 est,
516 1695 548 1741 ut
571 1702 638 1739 cum
660 1681 746 1758 Rege
765 1681 794 1738 iu
820 1680 942 1756 gratiam
964 1678 1080 1738 rediret.

171 1775 271 1837 Quam
286 1777 333 1833 ille
348 1777 401 1834 etsi
416 1777 502 1833 fidam
517 1797 575 1834 nou
591 1778 650 1835 sore
668 1777 798 1852 putabat,
820 1787 918 1835 tamen
940 1775 1082 1833 conditio·

115 1869 152 1927 15
172 1890 239 1927 nem
266 1870 388 1946 accepit,
413 1890 494 1946 seque
521 1871 563 1928 ad
587 1870 775 1928 Artaxerxem
802 1871 911 1946 legatos
932 1871 1082 1928 missurum

171 1964 251 2022 dixit.
295 1964 345 2020 Sic
360 1964 476 2037 bellum,
499 1966 575 2039 quod
600 1965 667 2021 Rex
691 1963 828 2022 adversds
852 1964 1007 2022 Datamem
1022 1984 1083 2022 sus·

171 2070 296 2134 ceperat,
332 2059 471 2117 sedatum.
527 2059 762 2136 Autophrodates
796 2059 827 2116 in
862 2058 1018 2137 Phrygiam
1050 2078 1081 2118 se

170 2152 288 2228 recepit.
758 2202 760 2206 .

209 2246 264 2304 IX.
306 2248 347 2306 At
372 2249 449 2321 Rex,
474 2248 551 2324 qudd
569 2250 751 2326 implacabile
772 2248 871 2308 odium
885 2248 918 2307 in'
927 2248 1080 2309 Datamem

110 2342 151 2399 20
171 2354 345 2417 susceperat,
360 2355 509 2417 postquam
524 2345 600 2402 bello
614 2363 681 2402 eum
694 2345 817 2421 opprimi
838 2365 896 2404 non
915 2364 999 2422 posse
1022 2346 1082 2403 ani-

169 2436 331 2509 madvertit,
359 2436 471 2495 insidiis
499 2438 661 2497 interficere
684 2440 811 2498 studuit:
842 2459 914 2516 quas
946 2440 995 2498 illc
1021 2441 1081 2517 ple·

169 2552 272 2607 rosque
287 2532 392 2590 vitavit.
435 2533 527 2607 Sicut,
539 2554 627 2609 quum
655 2534 820 2594 nuntiatum
839 2546 925 2608 esset,
940 2536 1080 2610 quosdam

169 2627 224 2683 sibi
238 2626 378 2700 insidiari,
393 2627 441 2703 qui
456 2628 486 2685 in
502 2629 660 2688 amicorum
675 2643 759 2689 erant
769 2649 891 2689 numero
910 2629 962 2707 (de
975 2630 1080 2706 quibus

169 2722 243 2798 quod
259 2721 369 2779 inimici
384 2723 557 2795 detulerant,
571 2743 666 2798 neque
683 2725 871 2798 credendum,
893 2744 988 2800 neque
1010 2706 1080 2803 neg·

109 2817 150 2875 25
169 2816 318 2892 ligendum
344 2816 489 2895 putavit);
524 2817 648 2894 experiri
684 2819 783 2893 voluit,
811 2838 911 2878 verum
936 2820 1080 2880 falsumne

168 2925 244 2972 esset
268 2913 399 2971 relatum.
451 2912 553 2988 Itaque
580 2932 616 2971 eo
641 2913 787 2990 profectus
813 2926 867 2987 est,
894 2934 951 2990 quo
976 2915 1080 2977 itinere

168 3009 279 3067 futuras
289 3008 410 3067 insidias
424 3008 564 3067 dixerant
607 3009 666 3067 Sed
685 3009 773 3086 elegit
794 3029 913 3085 corpore
927 3021 957 3068 et
970 3010 1080 3071 statutt

167 3101 344 3160 simillimum
368 3103 424 3176 sui,
448 3103 533 3178 eique
554 3103 688 3162 vestitum
712 3123 797 3161 suum
818 3103 909 3177 dedit,
934 3114 1020 3180 atque
1043 3124 1080 3165 eo

167 3196 231 3253 loco
246 3196 297 3268 ire,
312 3217 368 3272 qno
382 3199 443 3273 ipse
452 3209 651 3270 consueverat,
656 3197 749 3274 jussit.
791 3198 858 3274 Ipse
870 3211 966 3258 autem
975 3211 1080 3259 ornatu

108 3290 149 3348 3⁰
170 3287 357 3370 [vestituque]
382 3291 500 3350 militari
524 3290 598 3351 inter
613 3292 740 3369 corporis
753 3294 888 3352 custodes
907 3294 961 3354 iter
983 3297 1080 3355 facere

168 3385 263 3461 coepit.
306 3386 346 3443 At
360 3386 553 3460 insidiatores
566 3400 717 3464 postquam
731 3388 762 3446 in
776 3408 843 3446 eum
856 3390 952 3448 locum
973 3409 1080 3467 agmen

166 3478 306 3556 pervenit,
326 3480 440 3558 decepti
460 3482 562 3540 ordine
581 3495 665 3559 atque
684 3482 798 3557 vestitu,
824 3484 853 3541 in
878 3504 945 3542 eum
968 3486 1080 3545 faciunt

167 3573 315 3651 impetum,
342 3575 392 3650 qni
417 3576 580 3653 suppositus
606 3590 676 3637 erat.
717 3578 894 3639 Praedixerat
912 3593 1009 3640 autem
1033 3580 1080 3641 his
1111 3614 1115 3619 ·
