2392 4132
114 315 156 375 86
334 348 339 355 ·
477 370 481 379 ,
539 318 717 375 EUMENES.

172 482 316 541 exercitus
329 481 356 539 ei
371 494 413 541 ter
428 481 507 555 ante,
529 481 679 558 separatis·
690 480 876 557 temporibus,
895 480 1030 557 jurisset,
1049 497 1080 540 sa

172 596 239 634 eum
254 577 450 650 defensurum,
465 596 521 634 nec
541 595 669 652 unquam
687 576 877 635 deserturum.
920 577 980 634 Sed
1001 589 1082 636 tanta

174 672 228 730 fuit
241 672 445 729 nonnullorum
466 671 578 730 virtutis
591 670 772 742 obtrectatio,
788 682 819 728 ut
842 670 929 728 fidem
952 671 1082 729 amittere

170 766 299 838 mallent,
314 764 400 842 quam
414 785 480 823 eum
495 785 554 823 non
568 766 697 841 prodere.
739 766 836 840 Atque
858 766 937 822 hunc
960 765 1083 842 Antigo-

130 862 151 919 5
170 880 235 934 nus,
250 880 338 936 quum
350 860 380 919 ei
395 861 496 919 fuisset
514 861 728 934 infestissimus,
752 860 961 933 conservasset,
984 861 1008 917 si
1032 880 1082 936 per

170 975 237 1014 suos
251 967 326 1014 esset
340 956 461 1029 licitum,
476 953 554 1031 qudd
565 956 601 1013 ab
615 954 694 1013 nullo
708 974 740 1012 se
762 952 827 1030 plim
849 954 978 1030 adjuvari
998 974 1082 1030 posse

172 1050 352 1127 intelligebat
366 1050 396 1108 in
411 1051 457 1109 his
476 1051 573 1123 rebus,
587 1069 659 1126 quas
673 1050 840 1126 impendere
851 1049 912 1126 jam
930 1050 1084 1124 apparebat

169 1147 313 1204 omnibus.
368 1145 566 1204 Imminebant
591 1145 670 1203 euim
702 1145 854 1219 Seleucus,
884 1145 1084 1219 Lysimachus,

171 1240 353 1313 Ptolemaeus,
381 1240 483 1316 opibus
508 1240 567 1316 jam
595 1240 742 1309 valentes;
770 1257 837 1296 cum
864 1239 968 1313 quibus
995 1240 1023 1296 ei
1048 1240 1085 1296 de

115 1336 152 1393 10
172 1335 292 1393 summis
305 1335 392 1393 rebus
403 1346 466 1392 erat
475 1334 683 1391 dimicandum.
725 1334 784 1391 Sed
799 1353 858 1392 non
872 1333 949 1409 passi
971 1346 1039 1392 sunt
1052 1335 1084 1391 hi

172 1430 221 1505 qui
235 1428 314 1488 circi
327 1441 427 1499 erant3
448 1427 526 1504 qudd
540 1428 688 1502 videbant,
702 1429 835 1486 Eumene
847 1440 974 1505 recepto,
982 1449 1085 1487 omnes

173 1544 231 1602 prae
246 1526 295 1584 illo
309 1525 388 1600 parvi
404 1526 523 1583 futruos.
565 1524 632 1601 Ipse
648 1537 744 1583 autem
758 1524 925 1600 Antigonus
937 1522 1010 1582 adeo
1024 1537 1088 1583 erat
1136 1510 1142 1529 ’

171 1621 320 1692 incensus,
334 1631 366 1678 ut
380 1619 438 1677 nisi
461 1619 568 1696 magni
594 1639 644 1696 spe
666 1619 856 1677 maximarum
879 1638 976 1677 rerum
1000 1619 1086 1677 leniri

177 1735 236 1774 non
250 1726 356 1791 posset.

101 1860 105 1865 .
117 1812 154 1869 15
213 1810 269 1867 XI.
312 1809 414 1884 Itaque
425 1828 513 1884 quum
524 1828 592 1867 eum
606 1808 637 1866 in
650 1807 813 1867 custodiam
826 1807 962 1880 dedisset,
977 1819 1006 1865 et
1015 1825 1087 1882 prae¹

174 1905 266 1962 sectus
276 1904 429 1961 custodum
440 1903 599 1978 quaesisset,
611 1903 853 1978 quemadmodum
861 1902 967 1960 servari
978 1903 1064 1960 vellet
1075 1905 1087 1959 l

172 2008 204 2056 ut
229 1998 406 2069 acerrimum,
425 1997 528 2073 inquit,
543 1999 644 2055 leonem
664 2006 714 2054 aut
729 1995 941 2072 ferocissimum
960 1997 1089 2073 elephan-

174 2103 241 2152 tum.
284 2093 423 2151 Nondum
437 2092 516 2150 enim
530 2103 679 2165 statuerat,
693 2103 876 2150 conservaret
887 2110 964 2164 eum,
983 2111 1087 2149 necne.

174 2188 320 2247 Veniebat
341 2198 438 2246 autem
461 2188 498 2245 ad
522 2187 684 2244 Eumenem
707 2199 860 2261 utrumque
884 2205 976 2262 genus
999 2186 1090 2244 horni-

114 2285 154 2343 20
175 2303 244 2342 uum
252 2304 259 2353 ;
281 2294 310 2341 et
323 2282 372 2357 qui
385 2293 501 2358 propter
514 2281 613 2339 odium
625 2282 752 2339 fructum
764 2281 857 2340 oculis
878 2300 915 2338 ex
936 2280 1001 2357 ejus
1018 2300 1089 2339 casu

174 2397 277 2454 capere
291 2377 407 2448 vellent,
422 2387 451 2434 et
464 2375 514 2451 qui
527 2388 642 2452 propter
654 2386 781 2434 veterem
795 2376 951 2434 amicitiam
964 2375 1090 2451 colloqui

174 2471 373 2546 consolarique
394 2483 554 2548 cuperent3
583 2470 667 2529 multi
688 2470 786 2545 etiam,
809 2472 858 2547 qui
882 2470 945 2546 ejus
966 2471 1088 2529 sormam

174 2586 352 2644 cognoscere
366 2567 532 2639 studebant,
546 2565 639 2642 qualis
647 2577 734 2639 esset,
749 2585 835 2643 quem
848 2566 959 2624 tamdiu
969 2577 1087 2642 tamque

175 2663 258 2719 valde
272 2661 446 2734 timuissent,
461 2661 545 2737 cujus
559 2661 589 2717 in
600 2661 730 2737 pernicie
748 2660 870 2736 positam
895 2681 975 2737 spem
999 2662 1090 2721 habu·

114 2758 155 2819 25
176 2757 265 2816 issent
278 2755 413 2814 victoriae.
456 2755 497 2815 At
511 2755 669 2828 Eumenes,
680 2773 769 2830 quum
783 2753 893 2813 diutius
912 2755 941 2813 in
964 2755 1090 2815 vinculis

173 2865 261 2928 esset,
276 2851 316 2911 ait
329 2850 529 2926 Onomarcho,
541 2870 632 2928 penes
645 2870 731 2928 quem
754 2871 868 2911 summa
892 2851 1007 2928 imperii
1028 2863 1091 2911 erat

175 2948 325 3021 custodie,
339 2966 368 3007 se
381 2948 495 3023 mirari,
508 2967 598 3026 quare
611 2945 678 3023 jam
700 2949 815 3006 tertium
836 2947 909 3005 diem
929 2947 971 3004 sic
986 2955 1091 3006 tenere·

175 3054 243 3104 tur:
263 3064 319 3102 non
333 3043 470 3121 enieroc
484 3044 631 3102 convenire
645 3042 792 3118 Antigoni
807 3042 983 3119 prudentia,
1002 3051 1035 3099 ut
1049 3043 1092 3100 sic

175 3141 337 3198 demeretur
360 3139 457 3205 victor
478 3139 550 3215 quin
576 3146 628 3195 aut
651 3137 787 3214 interfici,
814 3146 866 3195 aut
889 3139 1002 3195 missum
1016 3137 1094 3214 fieri

115 3234 156 3293 30
165 3232 289 3310 juberet.
332 3232 392 3292 Hic
405 3252 493 3309 quum
508 3231 634 3291 serocids
647 3231 835 3293 Onomarcho
845 3232 923 3308 loqui
932 3233 1092 3308 videretur,

179 3327 264 3397 Quid
271 3331 284 3383 l
306 3335 348 3400 tu,
363 3327 466 3403 inquit,
480 3328 575 3385 aniano
589 3328 616 3385 si
627 3329 683 3386 isto
697 3348 772 3401 eros,
787 3347 838 3386 cor
859 3347 915 3385 non
939 3329 970 3386 in
985 3329 1093 3405 proelio

177 3422 306 3488 cecidisti
327 3421 442 3498 parics,
466 3420 552 3499 qudm
579 3423 611 3480 ia
625 3431 796 3499 potestatem
814 3423 925 3480 inimici
955 3422 1093 3481 venires?

178 3516 259 3577 Huic
272 3518 431 3593 Eumenes,
452 3517 570 3577 Utinam
584 3519 696 3596 quidem
706 3518 788 3577 istud
804 3517 960 3577 evenisset!
982 3517 1092 3596 inquit,⁴
