2392 4132
117 360 158 423 28
512 368 739 420 nucrarnnas.

177 541 234 602 tur,
260 527 341 606 prius
364 529 451 604 quam
476 529 577 587 classis
597 528 699 600 exiret,
723 525 840 599 accidit,
863 536 896 583 ut
918 524 979 582 und
1002 538 1090 585 nocte

176 644 278 684 omnes
291 616 419 696 Hermae,
431 625 480 699 qui
494 624 524 681 in
538 624 644 700 oppido
658 634 740 680 erant
765 620 901 694 Athenis,
926 621 1091 697 dejiceren-

176 732 233 791 tur,
260 731 362 794 praeter
390 738 490 791 unum,
518 719 567 795 qui
595 730 662 776 ante
686 718 807 794 januam
840 727 903 774 erat
930 716 1089 776 Andocidi.

177 813 279 888 Itaque
301 813 349 870 ille
370 825 471 889 postea
494 813 660 871 Mercurius
684 811 847 870 Andocidis
870 811 1013 870 vocitatus
1037 825 1089 871 est.

137 909 158 966 5
178 908 244 976 Hoc
258 928 346 983 quum
361 919 511 984 appareret
524 929 583 967 non
598 909 660 966 sine
675 908 781 985 magud
797 907 952 965 multorum
969 927 1091 966 consen·

178 1003 259 1061 sione
274 1024 337 1061 esse
353 1005 471 1077 sactum,
486 1003 564 1079 qubd
578 1024 637 1062 non
650 1004 685 1060 ad
700 1004 849 1079 privatam,
865 1003 916 1060 sed
940 1003 976 1060 ad
998 1003 1091 1080 publi·

176 1118 242 1157 cam
256 1119 316 1156 rem
330 1100 505 1176 pertineret;
527 1119 651 1175 magnus
675 1097 852 1156 multitudini
874 1097 958 1155 timor
980 1109 1025 1156 est
1049 1099 1091 1156 in·

175 1194 281 1270 jectus‚
306 1214 400 1270 nequa
423 1194 575 1270 repentina
599 1194 641 1252 vis
664 1194 693 1251 in
718 1194 835 1252 civitate
858 1193 1005 1266 existeret,
1027 1214 1090 1270 quaa

177 1289 339 1346 libertatem
353 1289 526 1364 opprimeret
544 1289 651 1365 populi.
695 1289 761 1346 Hoc
784 1286 909 1344 maxime
933 1291 1089 1347 convenire

122 1383 159 1461 10
179 1383 209 1439 in
223 1383 408 1441 Alcibiadem
433 1383 594 1456 videbatur,
619 1382 697 1458 qubd
722 1395 751 1441 et
774 1382 917 1460 potentior
937 1395 967 1442 et
988 1385 1103 1460 major,-

178 1476 415 1554 quamprimum,
430 1478 657 1536 existimabatur.
701 1477 811 1536 Multos
825 1478 903 1535 enim
918 1477 1090 1538 liberalitate

178 1573 355 1645 devinxerat,
370 1574 466 1649 plures
491 1574 579 1631 etiam
600 1574 688 1651 operi
707 1573 813 1631 sorensi
835 1592 903 1631 suos
917 1572 1089 1632 reddiderat.
1111 1577 1118 1582 “

177 1671 280 1732 Quare
294 1670 391 1742 tiebat,
405 1683 437 1728 ut
451 1669 580 1728 omnium
595 1671 704 1742 oculos,
719 1669 945 1744 quotiescunque
969 1667 998 1726 in
1020 1671 1091 1745 pub

178 1766 267 1823 licum
281 1764 433 1842 prodisset,
449 1767 485 1823 ad
508 1786 538 1823 se
563 1777 753 1837 converteret,
778 1783 872 1840 neque
894 1763 921 1821 ei
944 1783 995 1840 par
1017 1765 1091 1840 quis·

123 1862 159 1919 15
179 1881 265 1936 quam
290 1861 319 1916 in
343 1860 458 1918 civitate
482 1872 645 1934 poneretur.
687 1860 789 1934 Itaque
813 1880 872 1917 non
897 1858 990 1926 solum
1011 1881 1091 1937 spem

180 1956 209 2013 in
224 1976 258 2013 eo
273 1955 418 2011 habebant
432 1954 597 2026 maximam,
610 1955 660 2012 sed
684 1955 772 2013 etiam
797 1955 939 2028 timorem,
963 1954 1041 2031 qubd
1063 1967 1091 2015 et

178 2052 281 2109 obesse
307 2047 463 2124 plurimum
488 2061 518 2107 et
543 2051 679 2126 prodesse
703 2061 823 2127 poterat.
875 2051 1091 2128 Aspergebatur

179 2147 266 2205 etiam
281 2144 411 2218 insamid,
426 2143 503 2220 qubd
519 2145 548 2202 in
563 2147 648 2204 domo
663 2146 716 2203 sud
741 2147 836 2204 lacere
861 2146 997 2222 mysteria
1015 2147 1092 2205 dice·

179 2242 262 2300 batur
276 2261 282 2297 :
303 2240 379 2314 quod
393 2240 475 2297 nefas
489 2252 551 2298 erat
565 2259 643 2298 more
659 2241 884 2298 Atheniensium
897 2261 904 2311 ;
927 2241 1013 2316 idque
1032 2263 1091 2302 non

41 2390 46 2403 ,
119 2336 160 2394 20
181 2336 216 2392 ad
230 2333 410 2410 religionem,
425 2334 477 2390 sed
492 2335 527 2390 ad
549 2333 777 2409 conjurationem
788 2336 933 2411 pertinere
944 2337 1092 2396 existima·

180 2432 273 2488 batur.

219 2524 272 2582 lV.
315 2523 381 2581 Hoc
396 2522 518 2580 crimine
534 2522 563 2580 in
580 2522 722 2581 concione
738 2525 774 2581 ab
794 2524 921 2582 inimicis
940 2527 1094 2601 compella-

180 2622 272 2678 batur.
316 2620 374 2676 Sed
399 2618 525 2676 instabat
548 2630 662 2693 tempus
686 2619 722 2675 ad
747 2619 854 2675 bellum
878 2617 1092 2693 proficiscendi.
1130 2663 1133 2671 ·

179 2714 214 2772 Id
230 2714 277 2771 ille
292 2713 419 2784 intuens,
434 2732 528 2787 neque
547 2713 685 2788 ignorans
707 2712 813 2770 civium
833 2730 949 2770 suorum
971 2731 1093 2773 consue·

119 2813 160 2871 25
180 2810 321 2882 tudinem,
335 2808 508 2884 postulabat,
522 2818 564 2880 ut,
579 2806 604 2864 si
624 2806 692 2882 quid
708 2807 744 2865 de
759 2827 789 2864 se
805 2806 852 2884 agi
865 2807 982 2880 vellent,
996 2810 1093 2884 potrus

180 2909 216 2965 de
240 2915 381 2984 praesente
405 2903 525 2979 quaestio
546 2903 711 2975 haberetur,
738 2901 825 2979 qubm
848 2904 952 2962 absens
977 2903 1092 2962 invidia

180 3002 302 3062 crimine
317 3011 510 3059 accusaretur.
552 2998 669 3057 Inimici
695 2998 761 3057 verb
787 2999 860 3077 ejus,
884 3001 1092 3076 quiescendum

181 3098 211 3155 in
225 3095 371 3174 presenti,
384 3095 452 3172 quia
465 3095 564 3153 noceri
578 3114 636 3152 non
650 3114 735 3171 posse
750 3094 959 3170 intelligebant,
978 3105 1008 3151 et
1021 3095 1092 3153 illud

180 3205 294 3267 tempus
308 3191 531 3266 expectandum,
549 3189 750 3259 decreverunt,
775 3206 831 3261 quo
852 3184 969 3258 exisset,
992 3198 1024 3244 ut
1050 3189 1093 3247 sic

121 3290 161 3349 w
182 3287 331 3345 absentem
346 3286 591 3360 aggrederentur:
613 3281 709 3357 itaque
735 3282 874 3338 fecerunt.
916 3279 994 3336 Nam
1016 3296 1092 3356 post·

180 3399 266 3457 quam
278 3379 308 3437 in
325 3378 455 3436 Siciliam
466 3398 533 3436 euru
546 3376 712 3453 pervenisse
724 3375 920 3447 crediderunt,
931 3375 1092 3451 absentem,

180 3475 257 3553 quod
270 3493 352 3532 sacra
363 3474 507 3546 violdsset,
522 3492 604 3531 reum
627 3473 767 3529 fecerunt.
807 3470 878 3533 Qut
893 3471 928 3528 de
950 3489 981 3528 re
1003 3490 1093 3546 quum

180 3570 209 3630 ei
232 3568 352 3628 nuntius
375 3588 392 3625 a
414 3568 584 3646 magistratu
611 3566 641 3625 in
666 3565 798 3626 Siciliam
824 3565 929 3625 missus
952 3579 1040 3640 esset,
1061 3579 1092 3628 ut
