2392 4132
461 340 673 392 AGESILAUS.
1040 329 1081 387 73

109 512 171 571 est;
193 519 229 559 eo
245 499 325 558 enim
345 519 414 558 usus
434 511 478 558 est
499 497 730 557 familiarissime.
772 499 832 556 Hic
845 497 970 573 primdm
984 499 1020 556 de

110 615 202 672 regno
215 614 283 652 cum
296 593 486 670 Leotychide,
498 594 592 652 fratris
605 594 674 666 filio,
686 593 787 651 habuit
795 593 1019 651 contentionem.

112 688 177 747 Mos
198 700 244 747 est
264 690 343 747 enim
365 708 382 746 a
403 689 559 764 majoribus
582 688 812 746 Lacedaemoniis
834 688 966 760 traditus,
988 700 1021 747 ut

109 785 183 842 duos
197 785 338 843 haberent
352 803 463 859 semper
479 802 572 859 reges,
587 783 704 840 nomine
718 783 811 859 magis
824 782 910 859 quarn
932 784 1021 860 impe

112 879 163 950 rio,
178 898 214 936 ex
228 879 341 935 duabus
355 877 472 936 familiis
488 877 584 935 Procli
603 888 633 935 et
653 877 853 952 Eurysthenis,
874 879 924 953 qui
944 879 1020 955 prin·
1039 881 1060 936 5

112 972 191 1048 cipes
205 993 241 1030 ex
254 973 392 1048 progenie
408 972 545 1030 Herculis
560 974 669 1048 Spartae
690 992 773 1048 reges
794 974 917 1032 fuerunt.
959 975 1020 1032 Ha·

112 1087 174 1125 rum
189 1087 226 1125 ex
242 1069 331 1127 alteri
346 1068 376 1124 in
391 1067 508 1125 alterius
522 1067 637 1125 lamiliae
648 1069 743 1125 locum
757 1068 819 1125 fieri
833 1088 890 1126 non
905 1069 1018 1126 licebat.

112 1163 213 1237 Itaque
227 1174 347 1238 utraque
361 1181 446 1219 suum
459 1162 602 1219 retinebat
617 1163 756 1221 ordinem.
798 1162 927 1221 Primhm
948 1165 1020 1222 ratio

86 1278 89 1282 ·
113 1258 280 1327 habebatur,
289 1257 338 1331 qui
348 1257 490 1313 maximus
498 1268 568 1314 natu
577 1268 653 1314 esset
661 1278 697 1314 ex
706 1257 803 1316 liberis
811 1258 884 1334 ejus,
895 1259 944 1334 qui
958 1279 1021 1335 reg·

112 1371 185 1409 nans
205 1351 386 1409 decessisset
429 1351 481 1408 Sin
497 1350 521 1408 is
535 1351 644 1409 virilem
659 1372 759 1410 sexum
773 1372 831 1411 non
848 1354 1019 1429 reliquisset,
1042 1356 1079 1412 10

111 1456 172 1504 tum
184 1446 374 1522 deligebatur,
385 1446 433 1521 qui
442 1446 589 1521 proximus
599 1460 676 1506 esset
686 1448 905 1524 propinquitate.
943 1448 1020 1507 Mor-

111 1553 178 1600 tuus
198 1554 260 1601 erat
274 1542 349 1618 Agis
368 1560 429 1614 rex,
450 1543 537 1599 frater
557 1542 697 1616 Agesilai.
738 1543 846 1600 Filium
866 1545 1019 1618 reliquerat

112 1637 330 1712 Leotychidem,
351 1655 438 1712 quem
457 1635 506 1694 ille
526 1647 626 1694 natum
647 1656 705 1695 uon
727 1635 866 1712 agndrat:
894 1638 1020 1694 eundem

111 1733 237 1790 moriens
257 1751 342 1789 suum
360 1750 425 1788 esse
444 1731 564 1789 dixerat.
614 1730 644 1787 Is
664 1731 700 1788 de
722 1732 829 1788 honore
850 1731 932 1806 regni
953 1750 1020 1789 cum

111 1828 250 1903 Agesilao
266 1846 319 1884 suo
338 1838 440 1902 patruo
460 1825 628 1883 contendit:
650 1844 744 1900 neque
759 1826 798 1898 id,
813 1826 887 1900 quod
908 1825 1018 1901 petivit,
1042 1828 1080 1886 15

112 1933 286 1981 consecutus
299 1934 351 1978 est.
393 1919 471 1978 Nam
485 1920 635 1995 Lysandro
647 1921 832 1996 suffragante,
848 1921 974 1993 homine,
989 1934 1021 1979 ut

111 2018 289 2076 ostendimus
309 2015 406 2092 supra,
428 2015 557 2087 factioso,
577 2026 607 2073 et
627 2015 672 2073 his
692 2016 867 2090 temporibus
893 2028 1019 2092 potente,

111 2113 268 2189 Agesilaus
282 2112 425 2168 antelatus
438 2122 490 2168 est.

150 2207 192 2265 ΙΙ.
234 2207 294 2265 Hic
305 2206 390 2265 simul
402 2218 486 2280 atque
501 2205 613 2281 imperii
626 2206 732 2282 potitus
746 2217 799 2277 est,
810 2205 952 2281 persuasit
965 2205 1020 2262 La·

112 2302 306 2374 cedaemoniis,
320 2313 353 2360 ut
372 2301 530 2359 exercitum
545 2300 709 2359 emitterent
729 2301 759 2357 in
774 2301 886 2372 Asiam,
902 2299 1019 2357 bellum·
1039 2301 1079 2358 20

111 2418 165 2474 que
186 2398 266 2473 Regi
286 2398 431 2467 lacerent;
453 2397 571 2469 docens,
586 2397 676 2454 satius
696 2416 759 2454 esse
780 2397 810 2453 in
832 2396 914 2468 Asia,
933 2394 1019 2470 quarn

112 2493 141 2551 in
155 2492 284 2568 Europe,
294 2491 435 2549 dimicari.
468 2490 601 2565 Namque
613 2491 690 2548 fama
700 2491 818 2563 exierat,
831 2492 1020 2548 Artaxerxem

112 2606 277 2664 comparare
294 2587 412 2658 classes,
425 2586 629 2662 pedestresque
645 2586 799 2657 exercitus,
813 2605 884 2660 quos
898 2586 928 2643 in
942 2587 1021 2644 Grae·

112 2683 186 2741 ciam
200 2682 334 2741 mitteret.
376 2680 453 2740 Data
466 2692 616 2757 potestate,
631 2681 711 2740 tanti
725 2681 871 2739 celeritate
882 2701 951 2738 usus
965 2693 1018 2753 est,

111 2789 142 2836 ut
161 2776 242 2853 priirs
263 2777 293 2834 in
308 2775 409 2834 Asiam
430 2795 498 2833 cum
518 2776 609 2852 copiis
628 2777 800 2852 pervenerit,
821 2778 908 2850 quim
930 2776 1018 2852 Regii
1038 2776 1079 2834 25

112 2884 231 2948 satrapae
253 2891 320 2929 eum
344 2871 452 2929 scirent
471 2872 641 2948 profectum.
682 2871 752 2931 Quo
779 2870 886 2927 sactum
910 2882 963 2941 est,
989 2883 1020 2927 ut

111 2986 210 3024 omnes
221 2967 376 3041 imparatos
387 2965 639 3041 imprudentesque
650 2965 817 3021 offenderet.
859 2963 894 3019 Id
909 2976 940 3021 ut
954 2983 1020 3040 cog·

48 3126 51 3133 ,
112 3062 188 3121 novit
209 3061 432 3137 Tissaphernes,
452 3060 501 3135 qui
521 3078 665 3118 summurn
685 3058 837 3134 imperium
857 3070 918 3116 turn
946 3059 1020 3117 inter

46 3142 48 3149 ,
111 3158 260 3231 prefectos
285 3154 410 3212 habebat
430 3154 552 3230 Regios,
574 3153 707 3210 inducias
728 3172 745 3210 a
764 3153 881 3210 Lacone
901 3153 1018 3229 petivit3

113 3250 259 3323 simulans,
274 3269 305 3307 se
326 3250 394 3307 dare
415 3268 542 3325 operam,
556 3261 589 3307 ut
602 3248 833 3306 Lacedaemoniis
847 3267 913 3305 curn
934 3249 1019 3325 Rege
1039 3250 1079 3307 30

112 3346 288 3418 conveniret,
316 3364 347 3402 re
375 3356 471 3402 autem
498 3343 575 3415 veri,
603 3343 643 3400 ad'
666 3343 764 3419 copias
794 3344 1019 3418 comparandas:

113 3458 215 3518 easque
236 3439 399 3516 impetravit
418 3439 584 3497 trimestres.
640 3437 752 3495 Jnravit
773 3447 868 3494 autem
888 3447 1018 3511 uterque,

113 3554 142 3595 ss
157 3536 221 3597 sine
233 3535 302 3597 dolo
314 3532 448 3593 inducias
468 3542 711 3591 conservaturum.
753 3531 789 3590 In
809 3531 866 3608 qna
885 3530 1019 3608 pactione

425 3630 445 3686 7
