2392 4132
520 338 744 392 remeamus.

176 515 304 561 versatus
313 520 320 571 ;
342 499 419 577 saepe
434 501 610 559 exercitibus
623 500 739 577 prefuit
748 520 756 570 ;
779 516 921 575 nusquam
936 498 1024 576 culpi
1036 497 1089 558 sud

175 597 249 656 male
265 617 326 655 rem
347 596 437 672 gessit
448 617 455 666 ;
479 615 591 672 semper
615 595 737 654 consilio
758 595 848 665 vicit;
870 591 1040 670 tantumque
1054 615 1090 654 eo

175 695 274 767 valuit,
298 707 330 752 ut
353 695 444 751 multa
468 693 498 750 in
525 713 557 750 re
584 691 700 750 militari
724 691 828 768 partim
852 711 927 749 nova
951 692 1089 766 attulerit,

175 790 278 866 partim
305 789 425 846 meliora
452 787 561 846 fecerit.
604 788 739 863 Namque
766 787 814 844 ille
837 787 983 862 pedestria
1011 807 1090 845 arma

135 887 156 944 5
176 885 306 965 mutavit,
320 899 409 959 quum
424 895 491 942 ante
506 883 587 940 illum
602 883 802 959 imperatorem
816 882 950 939 maximis
969 883 1089 959 clypeis,

176 982 311 1038 brevibus
325 981 425 1053 hastiS,
439 979 558 1038 minutis
580 980 685 1056 gladiis
709 989 867 1036 uterentur.
909 978 963 1036 Ille
984 999 1001 1037 e
1023 999 1090 1038 con·

175 1078 263 1135 trario
289 1078 397 1153 peltam
424 1097 475 1152 pro
493 1076 593 1152 parma
616 1075 685 1133 lecit
709 1073 819 1152 (aquo
842 1086 942 1151 postea
955 1077 1091 1151 peltastoe

175 1174 288 1248 pedites
303 1173 509 1251 appellantur),
524 1183 556 1230 ut
579 1172 614 1228 ad
636 1182 731 1229 motus
752 1190 968 1246 concursusque
993 1184 1091 1231 essent

176 1269 305 1326 leviores
348 1269 449 1326 Hasta
465 1268 582 1326 modum
600 1266 776 1341 duplicavit;
806 1266 919 1342 gladios
943 1267 1091 1344 longiores

120 1365 157 1422 lu
178 1364 255 1422 fecit
298 1363 381 1420 Idem
408 1382 502 1439 genus
528 1363 681 1421 loricarum
712 1363 844 1436 mutavit,
869 1374 898 1421 et
925 1383 977 1439 pro
1004 1365 1090 1423 sertis

178 1474 263 1537 atque
289 1463 377 1520 oeneis
407 1463 512 1520 linteas
544 1461 632 1520 dedit.
687 1461 758 1524 Quo
791 1463 868 1520 facto
898 1463 1092 1538 expeditiores

178 1559 284 1616 milites
310 1558 444 1617 reddidit.
487 1558 565 1616 Nam
591 1559 720 1634 pondere
742 1559 883 1632 detracto,
907 1560 984 1634 quod
1007 1557 1091 1636 teque

178 1675 282 1732 corpus
297 1667 408 1732 tegeret
422 1667 451 1714 et
464 1656 527 1713 leve
542 1666 628 1727 esset,
644 1654 764 1712 curavit.
957 1640 960 1647 ¹

218 1751 258 1809 ΙΙ.
301 1753 415 1810 Bellum
430 1771 497 1808 cum
512 1750 679 1808 Thracibus
693 1750 799 1826 gessit3
822 1750 963 1821 Seuthen,
981 1749 1092 1807 socium
1135 1776 1138 1783 ·

121 1848 160 1905 15
180 1847 418 1919 Atheniensium,
436 1847 465 1903 in
484 1865 607 1921 regnum
631 1833 765 1903 restituit.
808 1845 896 1920 Apud
919 1844 1092 1903 Corinthum

180 1943 260 2001 tanti
280 1942 432 1999 severitate
446 1940 587 1998 exercitui
607 1941 731 2016 praeluit,
753 1952 785 1998 ut
799 1940 886 1998 uullae
909 1959 1038 2015 unquam
1063 1941 1093 1998 iu

179 2037 293 2094 Graecid
307 2055 401 2111 neque
419 2035 636 2094 exercitatiores
658 2035 760 2111 copiae,
782 2055 877 2112 neque
899 2035 993 2111 magis
1014 2036 1094 2094 dicto

180 2133 331 2190 audientes
359 2132 466 2191 fuerint
503 2132 581 2191 duci.
635 2132 672 2190 In
699 2151 820 2207 eamque
853 2132 1094 2191 consuetudinem

181 2229 311 2302 adduxit,
337 2240 368 2287 ut
394 2248 484 2304 quum
510 2228 604 2304 proelii
632 2228 748 2304 signum
774 2229 810 2286 ab
832 2229 1003 2303 imperatore
1018 2239 1093 2287 esset

120 2324 161 2382 20
181 2326 291 2396 datum,
306 2325 369 2381 sine
391 2324 475 2380 ducis
500 2324 588 2400 operti
611 2324 654 2381 sic
676 2324 815 2382 ordinatae
838 2324 1041 2397 consisterent,
1063 2334 1095 2383 ut

181 2419 289 2494 singuli
312 2419 348 2475 ab
370 2417 544 2494 peritissimo
568 2418 740 2494 imperatore
765 2418 896 2494 dispositi
918 2419 1085 2479 viderentur

182 2514 249 2572 Hoc
263 2514 392 2572 exercitu
406 2533 515 2571 moram
530 2515 818 2572 Lacedaemoniorum
831 2514 985 2590 intercepit
998 2535 1004 2572 ε
1019 2515 1095 2591 quod

181 2609 306 2668 maxime
327 2612 388 2668 toth
412 2610 590 2668 celebratum
617 2622 662 2669 est
688 2610 812 2667 Graecia.
855 2609 965 2666 Iterum
992 2612 1095 2670 eodem

182 2706 370 2764 belloomnes
384 2705 482 2781 copias
496 2723 596 2762 eorum
611 2703 728 2779 fugavit.
770 2703 841 2764 Quo
862 2704 939 2760 facto
959 2723 1096 2782 magnam

122 2804 163 2863 25
183 2803 304 2879 adeptus
317 2813 362 2860 est
375 2800 505 2877 gloriam.
546 2798 649 2861 Quum
671 2799 847 2856 Artaxerxes
872 2797 1010 2875 AEgyptio
1035 2801 1096 2878 regi

182 2901 290 2959 bellum
305 2900 410 2958 inferre
424 2896 523 2970 voluit,
538 2896 715 2974 Iphicratem
730 2897 767 2954 ab
781 2896 1012 2955 Atheniensibus
1026 2898 1097 2974 peti·

182 2997 223 3056 vit
237 2999 352 3070 ducem,
366 3014 453 3072 quem
466 2994 627 3072 praeficeret
640 2992 782 3052 exercitui
800 2992 989 3065 conductitio,
1012 2993 1097 3070 cujus

183 3113 322 3152 numerus
349 3092 503 3152 duodecim
529 3090 652 3149 millium
679 3091 741 3149 fuit.
782 3091 882 3152 Quem
910 3089 1028 3164 quidem
1053 3089 1097 3149 sic

183 3189 263 3248 omni
290 3188 446 3264 disciplind
472 3187 591 3245 militari
619 3185 753 3257 erudivit,
781 3196 823 3256 ut,
851 3185 1096 3259 quemadmodum

124 3285 164 3344 30
184 3284 330 3360 quondam
356 3284 487 3340 Fabiani
511 3282 618 3340 milites
642 3279 771 3340 Romani
795 3280 932 3354 appellati
956 3290 1033 3352 sunt,
1054 3280 1098 3338 sic

184 3381 397 3456 Iphicratenses
425 3380 501 3454 apud
525 3379 645 3437 Graecos
672 3377 703 3434 in
730 3377 843 3434 summit
869 3375 956 3432 laude
979 3374 1096 3435 fuerint

184 3474 268 3532 Idem
296 3473 426 3532 subsidio
449 3472 681 3532 Lacedaemoniis
701 3471 858 3549 profectus,
886 3469 1113 3545 Epaminondae:

185 3568 342 3629 retardavit
355 3568 488 3645 impetus.
529 3567 679 3627 Namnisi
692 3566 756 3645 ejus
780 3567 922 3625 adventus
945 3567 1097 3645 appropin-
