2392 4132
358 318 389 368 T.
405 319 610 370 POMPONIUS
626 319 790 371 A'l'tlcus.
1028 313 1085 373 117

118 475 233 533 auxilio.
274 475 377 537 Quum
390 476 563 551 proscriptos
576 475 701 552 praemiis
713 477 914 551 imperatorum
923 477 1025 552 vulgus

116 570 308 645 conquireret,
323 589 409 628 nemo
423 571 453 626 in
474 570 594 646 Epirum
616 571 704 642 venit,
726 571 775 627 cui
796 590 842 628 res
863 571 922 627 ulla
945 573 1021 629 desu-

116 664 192 722 erit:
213 663 324 720 nemini
337 682 395 721 non
419 663 459 719 ibi
479 662 618 739 perpetud
643 664 780 720 manendi
800 676 927 739 potestas
948 667 1025 724 facta

115 771 168 816 est.
208 757 272 819 Qui
282 757 381 829 etiam,
394 768 459 832 post
471 759 603 832 proelium
614 758 809 834 Philippense,
822 759 1024 834 interitumque

116 852 151 909 C.
173 851 268 909 Cassii
281 864 311 909 et
331 851 373 908 M.
388 851 480 923 Bruti,
496 851 529 908 L.
545 851 655 909 Julium
678 851 827 911 Mocillam
850 854 1023 929 praetorium,
1043 856 1064 911 5

115 947 220 1021 atejus
241 945 341 1017 filium,
364 945 530 1020 Aulumque
553 946 743 1020 Torquatum,
767 959 942 1021 ceterosque
962 948 1025 1023 pari

116 1041 230 1098 fortunis
241 1040 398 1115 perculsos,
424 1040 580 1098 instituerit
603 1040 687 1112 tueri,
702 1053 786 1116 atque
809 1061 847 1098 ex
867 1041 955 1117 Epiro
979 1041 1024 1099 his

116 1135 213 1194 omnia
236 1135 465 1192 Samothraciam
486 1135 646 1210 supportari
666 1136 792 1211 jusserit.
834 1137 960 1194 Difficile
979 1148 1024 1196 est

114 1232 213 1290 omnia
227 1229 370 1306 persequi,
385 1241 414 1286 et
427 1249 486 1287 non
500 1229 704 1287 necessarium.
746 1230 822 1287 Illud
837 1251 927 1288 unum
941 1231 1023 1288 intel·
1051 1232 1053 1237 '

115 1326 166 1401 ligi
192 1326 332 1396 volumus,
360 1324 436 1381 illius
462 1323 664 1381 liberalitatem
695 1344 788 1399 neque
810 1327 1021 1403 temporariam,
1045 1328 1082 1385 10

115 1439 208 1493 neque
222 1419 357 1476 callidam
373 1418 469 1475 fuisse.
511 1417 546 1474 Id
560 1438 597 1475 ex
610 1417 679 1493 ipsis
693 1420 779 1477 rebus
793 1439 828 1477 ac
847 1421 1023 1497 temporibus

111 1513 238 1590 judicari
270 1523 374 1588 potest,
401 1512 478 1587 qudd
505 1532 563 1570 non
603 1511 772 1570 florentibus
798 1533 829 1571 se
855 1516 1021 1590 venditavit,
1107 1578 1119 1604 ι

114 1610 165 1666 sed
188 1608 300 1664 afflictis
326 1626 439 1682 semper
466 1607 622 1664 succurrit:
637 1607 698 1681 'qui
721 1608 837 1682 quidem
862 1610 1022 1683 Serviliam,

114 1703 197 1760 Bruti
211 1713 341 1774 matrem,
360 1721 418 1760 non
433 1696 530 1758 mimis
542 1713 606 1776 post
625 1713 745 1759 mortem
767 1702 840 1777 ejus,
863 1701 950 1779 quam
974 1703 1023 1761 flo-
1061 1751 1063 1754 .

113 1808 205 1868 rente,
220 1795 349 1854 coluerit.
391 1795 441 1852 Sic
454 1795 625 1880 liberalitate
639 1808 734 1868 utens,
749 1796 842 1853 nullas
856 1796 1022 1864 inimicitias
1045 1801 1081 1858 15

112 1890 218 1966 gessit3
239 1887 315 1965 qudd
330 1908 423 1964 neque
436 1889 559 1946 laedebat
571 1909 744 1965 quenquam,
760 1911 863 1967 neque,
887 1893 911 1950 si
936 1912 1022 1968 quam

16 2040 19 2045 .
113 1985 249 2062 injuriam
276 1996 438 2061 acceperat,
468 1982 553 2062 [non]
579 1986 705 2044 malebat
727 1986 839 2059 ulcisci,
854 1986 940 2062 quim
953 1988 1024 2047 obli-

113 2080 193 2138 visci.
247 2079 331 2136 Idem
357 2078 511 2136 immortali
537 2080 675 2136 memorial
708 2093 845 2156 percepta
879 2083 1022 2143 retinebat

113 2173 274 2233 beneficia:
295 2192 358 2249 quae
373 2184 469 2231 autem
485 2173 546 2249 ipse
560 2174 708 2247 tribuerat,
718 2176 829 2232 tamdiu
840 2177 1021 2250 meminerat,

114 2270 209 2345 quoad
224 2269 272 2326 ille
286 2279 469 2344 gratuserat,
483 2269 531 2343 qui
546 2280 705 2344 acceperat.
747 2269 849 2346 Itaque
870 2271 918 2328 hio
942 2272 1021 2346 fecit,
1040 2274 1081 2333 Q

113 2378 145 2423 ut
172 2362 239 2422 vere
266 2364 376 2421 dictum
403 2363 547 2421 videatur:
581 2365 637 2420 Sui
664 2368 763 2440 cuique
790 2385 878 2424 mores
898 2366 1023 2442 fingunt

104 2457 268 2536 fortunam.
328 2458 432 2532 Neque
446 2470 544 2516 tamen
557 2457 637 2533 priris
650 2460 698 2516 ille
713 2461 866 2534 fortunam,
881 2461 967 2536 quarn
991 2483 1022 2521 se

113 2556 184 2632 ipse,
196 2553 297 2612 finxit:
319 2553 368 2628 qui
379 2552 464 2624 cavit,
480 2572 517 2608 ne
531 2553 588 2627 quta
601 2552 631 2609 in
645 2573 677 2609 re
688 2553 752 2628 jure
766 2555 948 2630 plecteretur.
1000 2566 1003 2571 ’

41 2640 45 2647 ’
89 2664 91 2669 “
132 2650 225 2707 ¹XII.
280 2647 336 2705 His
363 2647 449 2723 igitur
476 2648 562 2705 rebus
596 2647 702 2721 effecit,
729 2660 761 2707 ut
795 2648 837 2706 M.
865 2651 1023 2726 Vipsanius

113 2744 254 2821 Agrippa,
280 2743 384 2800 intimi
421 2743 613 2801 familiaritate
646 2743 819 2818 conjunctus
846 2746 1022 2803 adolescenti
1041 2747 1081 2804 25

113 2839 231 2911 Caesari,
246 2857 333 2912 quum
347 2849 461 2913 propter
475 2856 555 2893 suam
570 2837 702 2912 gratiam,
726 2849 756 2895 et
777 2838 901 2895 Caesaris
924 2851 1022 2914 poten-

111 2935 192 3006 tiam,
206 2932 313 2991 nullius
327 2931 500 2989 conditionis
514 2949 572 2987 non
586 2930 705 2987 haberet
718 2942 897 3006 potestatem,
911 2934 1023 3008 potissi-

33 3057 40 3069 ·
112 3027 192 3087 mum
206 3027 269 3103 ejus
293 3026 432 3100 deligeret
459 3024 637 3095 affinitatem,
664 3036 890 3100 praeoptaretque
917 3027 1021 3101 equitis

112 3121 241 3181 Romani
267 3120 356 3178 filiam
382 3137 587 3194 generosarum
621 3117 738 3194 nuptiis.
786 3119 883 3193 Atque
918 3124 1020 3180 harum

112 3217 277 3293 nuptiarum
302 3214 471 3272 conciliator
498 3213 552 3271 fuit
578 3212 650 3287 (non
674 3224 718 3270 est
744 3215 823 3271 enim
850 3217 1018 3296 celandum)
1039 3221 1080 3277 30

113 3311 154 3368 M.
171 3309 327 3380 Antonius,
350 3307 478 3366 triumvir
499 3306 665 3382 reipublicae
687 3308 916 3368 constituendas:
937 3313 1020 3388 cujus

112 3405 205 3484 gratia
224 3422 313 3479 quum
335 3421 440 3477 augere
464 3401 658 3477 possessiones
682 3414 777 3478 posset
804 3388 881 3476 suas,
908 3406 1021 3464 tantirm

113 3499 205 3562 abfuit
219 3518 236 3559 a
249 3497 406 3576 cupiditate
420 3494 562 3572 pecunie,
576 3496 701 3556 utnulla
725 3495 755 3555 in
777 3517 808 3557 re
829 3517 899 3556 usus
917 3499 953 3558 sit
975 3501 1021 3574 etl,
