2392 4132
592 365 689 415 DION.

180 527 239 584 nisi
260 525 350 582 alicui
363 544 476 582 suorum
496 525 640 600 negotium
654 524 748 598 duret,
766 525 818 602 qui
837 544 866 582 se
883 526 1031 584 simularet
1051 526 1097 585 illi

180 622 333 679 inimicum.
379 621 471 688 Quem
485 621 511 678 si
527 621 681 678 invenisset
701 621 841 694 idoneum,
853 620 953 696 sacili
973 623 1096 679 omnium

180 717 289 773 animos
317 717 508 790 cognitorum,
537 715 774 791 adversariosque
801 702 989 789 sublatorum,
1019 714 1097 792 quid

179 811 290 868 inimici
304 810 363 885 ejus
377 811 531 868 dissidenti
544 830 609 868 suos
624 831 721 868 sensus
736 810 986 887 aperturiforent.
1023 811 1094 869 Tali

139 907 159 962 5
180 905 301 963 consilio
315 906 434 982 probato
448 905 556 982 excipit
569 907 622 963 has
635 917 733 981 partes
749 905 809 982 ipse
825 905 1006 980 Callicrates,
1021 919 1051 965 et
1065 926 1095 964 se

180 1015 272 1059 armat
298 1002 494 1078 imprudentia
520 1001 633 1059 Dionis.
691 1002 740 1058 Ad
767 1021 834 1058 eum
861 1002 1096 1060 interficiendum

179 1096 273 1154 socios
294 1097 453 1172 conquirit3
477 1097 653 1155 adversarios
674 1097 736 1172 ejus
757 1097 903 1169 convenit,
922 1097 1097 1173 conjuratio-

179 1211 246 1248 nem
268 1192 427 1250 confirmat.
475 1192 548 1264 Res,
569 1192 667 1250 multis
694 1192 820 1250 consciis
847 1211 910 1267 quae
937 1206 1095 1269 gereretur,

180 1287 256 1344 elata
277 1288 403 1344 defertur
425 1287 460 1343 ad
485 1286 721 1359 Aristomachen,
744 1307 869 1345 sororem
890 1286 1004 1360 Dionis,
1027 1308 1096 1347 uxo

124 1383 160 1439 10
180 1401 297 1456 remque
325 1382 445 1439 Areten.
501 1382 563 1438 Illae
590 1382 693 1440 timore
720 1382 897 1461 perterrita,
906 1384 1094 1458 conveniunt,

180 1476 263 1551 cujus
277 1476 313 1532 de
334 1476 463 1551 periculo
484 1476 633 1534 timebant.
676 1478 718 1535 At
738 1477 785 1534 ille
806 1489 894 1553 negat
909 1498 926 1534 a
939 1479 1096 1538 Callicrate

180 1571 242 1628 fieri
257 1570 312 1627 sibi
325 1571 454 1644 insidias,
467 1573 517 1628 sed
533 1572 590 1644 illa,
606 1591 668 1647 quae
691 1584 854 1648 agerentur,
869 1573 931 1629 fieri
951 1587 1097 1650 precepto

181 1686 241 1724 suo.
284 1665 424 1725 Mulieres
445 1667 536 1725 nihilo
557 1668 653 1725 secius
674 1667 859 1725 Callicratem
875 1667 904 1724 in
920 1669 1011 1725 aedem
1025 1669 1094 1727 Pro-

181 1762 303 1838 serpinae
317 1764 476 1836 deducunt,
492 1783 526 1820 ac
535 1763 632 1839 jurare
643 1774 765 1839 cogunt,
781 1763 856 1820 nibil
865 1763 901 1818 ob
913 1763 961 1819 illo
968 1763 1096 1839 pericul'

127 1858 162 1914 15
181 1856 253 1933 sore
268 1858 371 1915 Dioni.
422 1858 475 1914 Ille
497 1859 552 1915 hic
573 1858 713 1933 religione
735 1877 793 1915 non
814 1856 900 1915 modo
923 1859 958 1915 ab
980 1858 1097 1936 incepto

181 1972 240 2011 non
268 1953 431 2026 deterritus,
460 1954 510 2010 sed
538 1954 574 2010 ad
606 1955 809 2011 maturandum
844 1953 1008 2012 concitatus
1041 1966 1095 2029 est,

181 2067 284 2105 verens
298 2068 336 2105 ne
349 2047 430 2125 priris
441 2049 594 2107 consilium
609 2049 766 2126 aperiretur
782 2069 876 2122 suum,
890 2047 977 2125 quim
992 2061 1097 2111 conata

181 2144 358 2219 perfecisset.

222 2240 278 2297 IX.
320 2241 387 2298 Hso
401 2252 498 2298 mente
517 2241 647 2316 proximo
659 2241 706 2298 die
722 2243 804 2314 sesto,
816 2260 904 2315 quum
920 2260 937 2298 a
950 2252 1096 2300 conventu

122 2333 163 2392 20
182 2346 323 2392 remotum
344 2355 375 2392 se
396 2335 474 2393 Dion
495 2336 573 2392 domi
592 2346 714 2408 teneret,
730 2347 815 2411 atque
830 2336 859 2393 in
874 2336 1007 2394 conclavi
1017 2337 1097 2395 edito

182 2429 372 2502 recubuisset,
385 2429 510 2487 consciis
521 2430 586 2488 loca
596 2430 752 2488 munitiore
762 2430 861 2506 oppidi
872 2431 969 2503 tradit,
978 2431 1097 2490 domum
1164 2452 1167 2457 ·

182 2524 351 2582 custodibus
372 2525 461 2600 sepit3
503 2542 519 2581 a
540 2525 648 2582 foribus
669 2525 718 2599 qui
739 2544 797 2583 non
819 2526 981 2598 discedant,
1003 2538 1098 2585 certos

181 2620 320 2696 praefioit;
343 2639 446 2677 navem
466 2620 612 2678 triremem
628 2621 744 2677 armetis
757 2631 851 2691 ornat,
866 2604 1097 2698 Philostratoque

183 2715 248 2773 fatri
269 2734 321 2772 suo
341 2715 438 2787 tradit,
459 2734 580 2789 eamque
601 2715 631 2770 in
654 2725 737 2789 portu
766 2714 869 2790 agitari
893 2714 985 2790 jubet,
1014 2730 1047 2775 ut
1073 2716 1097 2776 si

122 2810 163 2870 25
182 2830 318 2869 exercere
344 2809 470 2885 remiges
496 2810 603 2866 vellet:
638 2808 780 2884 cogitans,
808 2808 833 2865 si
860 2808 932 2867 sorti
968 2811 1099 2869 consiliis

182 2907 340 2966 obstitisset
361 2908 486 2977 fortuna,
501 2916 533 2963 ut
552 2905 680 2976 haberet,
695 2902 752 2978 qub
774 2905 886 2981 sugeret
908 2906 943 2961 ad
965 2906 1097 2965 salutem.

183 3006 309 3063 Suorum
323 3014 420 3061 autem
434 3023 450 3060 e
465 3021 585 3060 numero
607 3001 788 3076 Zacynthios
803 3003 1001 3060 adolescentes
1015 3022 1099 3077 quos·

183 3102 248 3157 dam
270 3100 361 3175 eligit,
382 3118 470 3174 quum
492 3096 711 3167 audacissimos,
733 3108 793 3154 tum
815 3096 924 3154 viribus
947 3096 1096 3167 maximis3

184 3195 285 3268 bisque
306 3195 355 3251 dat
375 3193 534 3270 negotium,
550 3193 586 3248 ad
608 3191 733 3248 Dionem
754 3203 822 3249 eant
836 3190 971 3262 inermes,
991 3191 1033 3248 sic
1055 3189 1097 3250 uti

125 3290 165 3346 30
184 3287 377 3346 conveniendi
391 3288 455 3364 ejus
475 3287 568 3364 gratiit
584 3287 749 3344 viderentur
771 3286 877 3342 venire.
920 3285 962 3342 Hi
982 3297 1097 3362 propter

184 3381 317 3440 notitiam
332 3393 399 3440 sunt
413 3381 578 3440 intromissi.
611 3382 652 3439 At
663 3380 714 3453 illi,
726 3393 758 3439 ut
768 3381 856 3438 limen
869 3381 931 3456 ejus
943 3380 1097 3454 intrirunt,

186 3476 295 3534 foribus
305 3476 445 3534 obseratis
457 3477 487 3534 in
499 3477 574 3534 lecto
586 3476 742 3534 cubantem
755 3475 903 3532 invadunt.
932 3474 1096 3550 Colligant3

186 3570 218 3630 fit
238 3569 383 3646 strepitus,
406 3571 478 3627 adeo
500 3582 532 3630 ut
552 3571 683 3629 exaudiri
702 3581 799 3646 posset
819 3567 895 3628 ioris.
938 3567 1008 3642 Hic,
1023 3570 1098 3632 sicut
