<?xml version="1.0" encoding="UTF-8"?>
<!DOCTYPE html PUBLIC "-//W3C//DTD XHTML 1.0 Transitional//EN"
    "http://www.w3.org/TR/xhtml1/DTD/xhtml1-transitional.dtd">
<html xmlns="http://www.w3.org/1999/xhtml" xml:lang="en" lang="en">
 <head>
  <title>
</title>
<meta http-equiv="Content-Type" content="text/html;charset=utf-8" />
  <meta name='ocr-system' content='tesseract 3.04.00' />
  <meta name='ocr-capabilities' content='ocr_page ocr_carea ocr_par ocr_line ocrx_word'/>
</head>
<body>
  <div class='ocr_page' id='page_1' title='image "./devitaexcellent00nepogoog_0068.png"; bbox 0 0 2392 4132; ppageno 0'>
   <div class='ocr_carea' id='block_1_1' title="bbox 487 326 1094 385">
    <p class='ocr_par' dir='ltr' id='par_1_1' title="bbox 487 326 1094 385">
     <span class='ocr_line' id='line_1_1' title="bbox 487 326 1094 385; baseline 0.003 -2"><span class='ocrx_word' id='word_1_1' title='bbox 487 333 668 385; x_wconf 67' lang='lat' dir='ltr'><strong>Danuuius.</strong></span> <span class='ocrx_word' id='word_1_2' title='bbox 1054 326 1094 385; x_wconf 78' lang='grc'><strong>57</strong></span> 
     </span>
    </p>
   </div>
   <div class='ocr_carea' id='block_1_2' title="bbox 44 488 1104 3624">
    <p class='ocr_par' dir='ltr' id='par_1_2' title="bbox 44 488 1104 3624">
     <span class='ocr_line' id='line_1_2' title="bbox 120 488 1033 569; baseline 0.002 -19"><span class='ocrx_word' id='word_1_3' title='bbox 120 493 224 550; x_wconf 87' lang='lat' dir='ltr'><strong>duerat</strong></span> <span class='ocrx_word' id='word_1_4' title='bbox 238 491 333 561; x_wconf 86' lang='lat' dir='ltr'><strong>veuit3</strong></span> <span class='ocrx_word' id='word_1_5' title='bbox 355 493 466 567; x_wconf 83' lang='lat' dir='ltr'><strong>quaerit,</strong></span> <span class='ocrx_word' id='word_1_6' title='bbox 480 488 585 567; x_wconf 89' lang='lat' dir='ltr'><strong>quibus</strong></span> <span class='ocrx_word' id='word_1_7' title='bbox 595 494 668 552; x_wconf 90' lang='lat' dir='ltr'><strong>locis</strong></span> <span class='ocrx_word' id='word_1_8' title='bbox 686 494 724 552; x_wconf 90' lang='lat' dir='ltr'><strong>sit</strong></span> <span class='ocrx_word' id='word_1_9' title='bbox 745 493 850 569; x_wconf 92' lang='lat' dir='ltr'><strong>Aspis;</strong></span> <span class='ocrx_word' id='word_1_10' title='bbox 872 493 1033 569; x_wconf 80' lang='lat' dir='ltr'><strong>cognoscit,</strong></span> 
     </span>
     <span class='ocr_line' id='line_1_3' title="bbox 120 586 1034 664; baseline -0.002 -18"><span class='ocrx_word' id='word_1_11' title='bbox 120 589 198 646; x_wconf 91' lang='lat' dir='ltr'><strong>haud</strong></span> <span class='ocrx_word' id='word_1_12' title='bbox 212 586 300 663; x_wconf 75' lang='lat' dir='ltr'><strong>longe</strong></span> <span class='ocrx_word' id='word_1_13' title='bbox 317 588 428 660; x_wconf 85' lang='lat' dir='ltr'><strong>abesse,</strong></span> <span class='ocrx_word' id='word_1_14' title='bbox 441 589 659 664; x_wconf 89' lang='lat' dir='ltr'><strong>profectumque</strong></span> <span class='ocrx_word' id='word_1_15' title='bbox 670 608 738 646; x_wconf 87' lang='lat' dir='ltr'><strong>enm</strong></span> <span class='ocrx_word' id='word_1_16' title='bbox 749 600 893 646; x_wconf 85' lang='lat' dir='ltr'><strong>venatum.</strong></span> <span class='ocrx_word' id='word_1_17' title='bbox 934 589 1034 650; x_wconf 83' lang='lat' dir='ltr'><strong>Quem</strong></span> 
     </span>
     <span class='ocr_line' id='line_1_4' title="bbox 120 683 1035 760; baseline 0.002 -21"><span class='ocrx_word' id='word_1_18' title='bbox 120 684 189 740; x_wconf 91' lang='lat' dir='ltr'><strong>dum</strong></span> <span class='ocrx_word' id='word_1_19' title='bbox 204 683 381 759; x_wconf 79' lang='lat' dir='ltr'>speculatur,</span> <span class='ocrx_word' id='word_1_20' title='bbox 396 683 536 740; x_wconf 85' lang='lat' dir='ltr'><strong>adventda</strong></span> <span class='ocrx_word' id='word_1_21' title='bbox 551 684 614 759; x_wconf 90' lang='lat' dir='ltr'><strong>ejus</strong></span> <span class='ocrx_word' id='word_1_22' title='bbox 628 703 717 742; x_wconf 90' lang='lat' dir='ltr'><strong>causa</strong></span> <span class='ocrx_word' id='word_1_23' title='bbox 727 684 921 760; x_wconf 77' lang='lat' dir='ltr'><strong>cognoscitur.</strong></span> <span class='ocrx_word' id='word_1_24' title='bbox 962 684 1035 741; x_wconf 91' lang='lat' dir='ltr'><strong>Pisi·</strong></span> 
     </span>
     <span class='ocr_line' id='line_1_5' title="bbox 120 778 1033 856; baseline 0.003 -21"><span class='ocrx_word' id='word_1_25' title='bbox 120 779 172 835; x_wconf 90' lang='lat' dir='ltr'><strong>das</strong></span> <span class='ocrx_word' id='word_1_26' title='bbox 186 797 255 834; x_wconf 92' lang='lat' dir='ltr'><strong>cnm</strong></span> <span class='ocrx_word' id='word_1_27' title='bbox 269 778 316 848; x_wconf 91' lang='lat' dir='ltr'><strong>iis,</strong></span> <span class='ocrx_word' id='word_1_28' title='bbox 330 797 401 853; x_wconf 89' lang='lat' dir='ltr'><strong>quos</strong></span> <span class='ocrx_word' id='word_1_29' title='bbox 415 797 515 835; x_wconf 89' lang='lat' dir='ltr'><strong>secum</strong></span> <span class='ocrx_word' id='word_1_30' title='bbox 529 779 664 852; x_wconf 88' lang='lat' dir='ltr'><strong>habebat,</strong></span> <span class='ocrx_word' id='word_1_31' title='bbox 680 780 717 837; x_wconf 84' lang='lat' dir='ltr'><strong>ad</strong></span> <span class='ocrx_word' id='word_1_32' title='bbox 737 780 930 838; x_wconf 87' lang='lat' dir='ltr'><strong>resistendum</strong></span> <span class='ocrx_word' id='word_1_33' title='bbox 944 780 1033 856; x_wconf 90' lang='lat' dir='ltr'><strong>Aspis</strong></span> 
     </span>
     <span class='ocr_line' id='line_1_6' title="bbox 120 873 1074 951; baseline 0.004 -20"><span class='ocrx_word' id='word_1_34' title='bbox 120 884 277 949; x_wconf 88' lang='lat' dir='ltr'><strong>comparat.</strong></span> <span class='ocrx_word' id='word_1_35' title='bbox 319 873 354 929; x_wconf 94' lang='lat' dir='ltr'><strong>Id</strong></span> <span class='ocrx_word' id='word_1_36' title='bbox 369 873 508 931; x_wconf 84' lang='lat' dir='ltr'><strong>Datames</strong></span> <span class='ocrx_word' id='word_1_37' title='bbox 522 873 572 930; x_wconf 93' lang='lat' dir='ltr'><strong>ubi</strong></span> <span class='ocrx_word' id='word_1_38' title='bbox 584 874 702 947; x_wconf 86' lang='lat' dir='ltr'><strong>audivit,</strong></span> <span class='ocrx_word' id='word_1_39' title='bbox 713 894 793 933; x_wconf 89' lang='lat' dir='ltr'><strong>arma</strong></span> <span class='ocrx_word' id='word_1_40' title='bbox 801 875 898 948; x_wconf 90' lang='lat' dir='ltr'><strong>sumit,</strong></span> <span class='ocrx_word' id='word_1_41' title='bbox 909 895 1033 951; x_wconf 90' lang='lat' dir='ltr'><strong>suosque</strong></span> <span class='ocrx_word' id='word_1_42' title='bbox 1052 877 1074 935; x_wconf 79' lang='lat'><strong>5</strong></span> 
     </span>
     <span class='ocr_line' id='line_1_7' title="bbox 120 967 1032 1044; baseline 0.005 -19"><span class='ocrx_word' id='word_1_43' title='bbox 120 967 202 1043; x_wconf 91' lang='lat' dir='ltr'><strong>sequi</strong></span> <span class='ocrx_word' id='word_1_44' title='bbox 226 968 328 1044; x_wconf 78' lang='lat' dir='ltr'><strong>jubet:</strong></span> <span class='ocrx_word' id='word_1_45' title='bbox 350 968 412 1044; x_wconf 87' lang='lat' dir='ltr'><strong>ipse</strong></span> <span class='ocrx_word' id='word_1_46' title='bbox 438 988 512 1044; x_wconf 91' lang='lat' dir='ltr'><strong>equo</strong></span> <span class='ocrx_word' id='word_1_47' title='bbox 536 968 682 1027; x_wconf 89' lang='lat' dir='ltr'><strong>concitato</strong></span> <span class='ocrx_word' id='word_1_48' title='bbox 710 970 745 1027; x_wconf 90' lang='lat' dir='ltr'><strong>ad</strong></span> <span class='ocrx_word' id='word_1_49' title='bbox 772 971 884 1028; x_wconf 85' lang='lat' dir='ltr'><strong>hostem</strong></span> <span class='ocrx_word' id='word_1_50' title='bbox 910 971 1032 1030; x_wconf 85' lang='lat' dir='ltr'><strong>vehitur.</strong></span> 
     </span>
     <span class='ocr_line' id='line_1_8' title="bbox 118 1063 1033 1142; baseline 0.005 -22"><span class='ocrx_word' id='word_1_51' title='bbox 118 1063 220 1126; x_wconf 81' lang='lat' dir='ltr'><strong>Quem</strong></span> <span class='ocrx_word' id='word_1_52' title='bbox 246 1064 346 1139; x_wconf 90' lang='lat' dir='ltr'><strong>procul</strong></span> <span class='ocrx_word' id='word_1_53' title='bbox 358 1063 457 1140; x_wconf 77' lang='lat' dir='ltr'><strong>,Aspis</strong></span> <span class='ocrx_word' id='word_1_54' title='bbox 480 1064 664 1141; x_wconf 90' lang='lat' dir='ltr'><strong>conspiciens</strong></span> <span class='ocrx_word' id='word_1_55' title='bbox 686 1066 768 1123; x_wconf 89' lang='lat' dir='ltr'><strong>adse</strong></span> <span class='ocrx_word' id='word_1_56' title='bbox 784 1067 934 1138; x_wconf 85' lang='lat' dir='ltr'><strong>ferentem,</strong></span> <span class='ocrx_word' id='word_1_57' title='bbox 947 1066 1033 1142; x_wconf 89' lang='lat' dir='ltr'><strong>perti·</strong></span> 
     </span>
     <span class='ocr_line' id='line_1_9' title="bbox 120 1159 1031 1235; baseline 0.005 -20"><span class='ocrx_word' id='word_1_58' title='bbox 120 1159 233 1231; x_wconf 90' lang='lat' dir='ltr'><strong>mescit,</strong></span> <span class='ocrx_word' id='word_1_59' title='bbox 246 1171 330 1235; x_wconf 83' lang='lat' dir='ltr'><strong>atque</strong></span> <span class='ocrx_word' id='word_1_60' title='bbox 342 1178 359 1216; x_wconf 88' lang='lat' dir='ltr'><strong>a</strong></span> <span class='ocrx_word' id='word_1_61' title='bbox 371 1172 479 1218; x_wconf 85' lang='lat' dir='ltr'><strong>conatu</strong></span> <span class='ocrx_word' id='word_1_62' title='bbox 493 1159 646 1218; x_wconf 89' lang='lat' dir='ltr'><strong>resistendi</strong></span> <span class='ocrx_word' id='word_1_63' title='bbox 670 1160 834 1234; x_wconf 88' lang='lat' dir='ltr'><strong>deterritus,</strong></span> <span class='ocrx_word' id='word_1_64' title='bbox 858 1181 921 1219; x_wconf 86' lang='lat' dir='ltr'><strong>sese</strong></span> <span class='ocrx_word' id='word_1_65' title='bbox 944 1161 1031 1221; x_wconf 83' lang='lat' dir='ltr'><strong>dedit.</strong></span> 
     </span>
     <span class='ocr_line' id='line_1_10' title="bbox 120 1253 1033 1332; baseline 0.004 -21"><span class='ocrx_word' id='word_1_66' title='bbox 120 1253 213 1311; x_wconf 87' lang='lat' dir='ltr'><strong>Hunc</strong></span> <span class='ocrx_word' id='word_1_67' title='bbox 240 1254 381 1313; x_wconf 87' lang='lat' dir='ltr'><strong>Datames</strong></span> <span class='ocrx_word' id='word_1_68' title='bbox 407 1253 536 1313; x_wconf 90' lang='lat' dir='ltr'><strong>vinctum</strong></span> <span class='ocrx_word' id='word_1_69' title='bbox 565 1255 600 1313; x_wconf 86' lang='lat' dir='ltr'><strong>ad</strong></span> <span class='ocrx_word' id='word_1_70' title='bbox 623 1255 739 1332; x_wconf 82' lang='lat' dir='ltr'>Regem</span> <span class='ocrx_word' id='word_1_71' title='bbox 760 1256 927 1313; x_wconf 90' lang='lat' dir='ltr'><strong>ducendum</strong></span> <span class='ocrx_word' id='word_1_72' title='bbox 946 1257 1033 1316; x_wconf 82' lang='lat' dir='ltr'><strong>tradit</strong></span> 
     </span>
     <span class='ocr_line' id='line_1_11' title="bbox 121 1349 1092 1413; baseline 0.006 -7"><span class='ocrx_word' id='word_1_73' title='bbox 121 1349 295 1408; x_wconf 86' lang='lat' dir='ltr'><strong>Mithridati.</strong></span> <span class='ocrx_word' id='word_1_74' title='bbox 1052 1353 1092 1413; x_wconf 78' lang='lat'><strong>1⁰</strong></span> 
     </span>
     <span class='ocr_line' id='line_1_12' title="bbox 157 1444 1104 1520; baseline 0.002 -17"><span class='ocrx_word' id='word_1_75' title='bbox 157 1445 194 1503; x_wconf 91' lang='lat' dir='ltr'><strong>V.</strong></span> <span class='ocrx_word' id='word_1_76' title='bbox 239 1444 312 1502; x_wconf 76' lang='lat' dir='ltr'><strong>Haec</strong></span> <span class='ocrx_word' id='word_1_77' title='bbox 336 1445 406 1502; x_wconf 91' lang='lat' dir='ltr'><strong>dum</strong></span> <span class='ocrx_word' id='word_1_78' title='bbox 427 1457 577 1520; x_wconf 84' lang='lat' dir='ltr'><strong>geruntur,</strong></span> <span class='ocrx_word' id='word_1_79' title='bbox 601 1446 778 1504; x_wconf 81' lang='lat' dir='ltr'><strong>Artaxerxes</strong></span> <span class='ocrx_word' id='word_1_80' title='bbox 798 1447 1033 1520; x_wconf 87' lang='lat' dir='ltr'><strong>reminiscens,a</strong></span> <span class='ocrx_word' id='word_1_81' title='bbox 1101 1475 1104 1479; x_wconf 93' lang='lat'>·</span> 
     </span>
     <span class='ocr_line' id='line_1_13' title="bbox 118 1537 1031 1616; baseline 0.002 -20"><span class='ocrx_word' id='word_1_82' title='bbox 118 1551 227 1615; x_wconf 87' lang='lat' dir='ltr'><strong>quanto</strong></span> <span class='ocrx_word' id='word_1_83' title='bbox 241 1540 327 1612; x_wconf 91' lang='lat' dir='ltr'><strong>bello,</strong></span> <span class='ocrx_word' id='word_1_84' title='bbox 349 1541 385 1597; x_wconf 91' lang='lat' dir='ltr'><strong>ad</strong></span> <span class='ocrx_word' id='word_1_85' title='bbox 406 1537 492 1614; x_wconf 76' lang='lat' dir='ltr'><strong>quhm</strong></span> <span class='ocrx_word' id='word_1_86' title='bbox 517 1559 633 1616; x_wconf 89' lang='lat' dir='ltr'><strong>parvam</strong></span> <span class='ocrx_word' id='word_1_87' title='bbox 657 1560 718 1599; x_wconf 91' lang='lat' dir='ltr'><strong>rern</strong></span> <span class='ocrx_word' id='word_1_88' title='bbox 739 1541 900 1616; x_wconf 89' lang='lat' dir='ltr'><strong>principem</strong></span> <span class='ocrx_word' id='word_1_89' title='bbox 923 1542 1031 1598; x_wconf 89' lang='lat' dir='ltr'><strong>ducum</strong></span> 
     </span>
     <span class='ocr_line' id='line_1_14' title="bbox 119 1635 1031 1711; baseline 0 -19"><span class='ocrx_word' id='word_1_90' title='bbox 119 1636 254 1707; x_wconf 82' lang='lat' dir='ltr'><strong>misisset,</strong></span> <span class='ocrx_word' id='word_1_91' title='bbox 268 1654 300 1692; x_wconf 90' lang='lat' dir='ltr'><strong>se</strong></span> <span class='ocrx_word' id='word_1_92' title='bbox 312 1635 372 1711; x_wconf 88' lang='lat' dir='ltr'><strong>ipse</strong></span> <span class='ocrx_word' id='word_1_93' title='bbox 387 1635 582 1711; x_wconf 84' lang='lat' dir='ltr'><strong>reprehendit,</strong></span> <span class='ocrx_word' id='word_1_94' title='bbox 601 1648 629 1693; x_wconf 90' lang='lat' dir='ltr'><strong>et</strong></span> <span class='ocrx_word' id='word_1_95' title='bbox 644 1636 778 1693; x_wconf 87' lang='lat' dir='ltr'><strong>nuntium</strong></span> <span class='ocrx_word' id='word_1_96' title='bbox 806 1637 843 1694; x_wconf 91' lang='lat' dir='ltr'><strong>ad</strong></span> <span class='ocrx_word' id='word_1_97' title='bbox 869 1635 1031 1693; x_wconf 85' lang='lat' dir='ltr'><strong>exercitum</strong></span> 
     </span>
     <span class='ocr_line' id='line_1_15' title="bbox 120 1728 1029 1806; baseline 0 -17"><span class='ocrx_word' id='word_1_98' title='bbox 120 1731 204 1789; x_wconf 92' lang='lat' dir='ltr'><strong>Acen</strong></span> <span class='ocrx_word' id='word_1_99' title='bbox 219 1730 307 1802; x_wconf 89' lang='lat' dir='ltr'><strong>misit,</strong></span> <span class='ocrx_word' id='word_1_100' title='bbox 321 1728 399 1805; x_wconf 74' lang='lat' dir='ltr'><strong>quod</strong></span> <span class='ocrx_word' id='word_1_101' title='bbox 413 1732 542 1788; x_wconf 90' lang='lat' dir='ltr'><strong>nondum</strong></span> <span class='ocrx_word' id='word_1_102' title='bbox 557 1730 712 1789; x_wconf 87' lang='lat' dir='ltr'><strong>Datamem</strong></span> <span class='ocrx_word' id='word_1_103' title='bbox 722 1733 884 1806; x_wconf 82' lang='lat' dir='ltr'><strong>profectum</strong></span> <span class='ocrx_word' id='word_1_104' title='bbox 899 1731 1029 1806; x_wconf 88' lang='lat' dir='ltr'><strong>putabat,</strong></span> 
     </span>
     <span class='ocr_line' id='line_1_16' title="bbox 117 1825 1090 1902; baseline 0.002 -19"><span class='ocrx_word' id='word_1_105' title='bbox 117 1826 166 1901; x_wconf 92' lang='lat' dir='ltr'><strong>qui</strong></span> <span class='ocrx_word' id='word_1_106' title='bbox 181 1826 303 1898; x_wconf 87' lang='lat' dir='ltr'><strong>diceret,</strong></span> <span class='ocrx_word' id='word_1_107' title='bbox 317 1845 355 1882; x_wconf 91' lang='lat' dir='ltr'><strong>ne</strong></span> <span class='ocrx_word' id='word_1_108' title='bbox 370 1826 406 1883; x_wconf 90' lang='lat' dir='ltr'><strong>ab</strong></span> <span class='ocrx_word' id='word_1_109' title='bbox 420 1825 551 1884; x_wconf 80' lang='lat' dir='ltr'><strong>exercitu</strong></span> <span class='ocrx_word' id='word_1_110' title='bbox 573 1826 743 1884; x_wconf 87' lang='lat' dir='ltr'><strong>discederet.</strong></span> <span class='ocrx_word' id='word_1_111' title='bbox 786 1826 845 1883; x_wconf 92' lang='lat' dir='ltr'><strong>Hic</strong></span> <span class='ocrx_word' id='word_1_112' title='bbox 863 1827 1029 1902; x_wconf 86' lang='lat' dir='ltr'><strong>priusquam</strong></span> <span class='ocrx_word' id='word_1_113' title='bbox 1052 1828 1090 1885; x_wconf 82' lang='lat'><strong>15</strong></span> 
     </span>
     <span class='ocr_line' id='line_1_17' title="bbox 117 1919 1031 1998; baseline -0.002 -18"><span class='ocrx_word' id='word_1_114' title='bbox 117 1920 291 1998; x_wconf 87' lang='lat' dir='ltr'><strong>perveniret,</strong></span> <span class='ocrx_word' id='word_1_115' title='bbox 305 1919 361 1996; x_wconf 81' lang='lat' dir='ltr'><strong>qud</strong></span> <span class='ocrx_word' id='word_1_116' title='bbox 376 1933 438 1979; x_wconf 87' lang='lat' dir='ltr'><strong>erat</strong></span> <span class='ocrx_word' id='word_1_117' title='bbox 452 1922 609 1997; x_wconf 86' lang='lat' dir='ltr'><strong>profectus,</strong></span> <span class='ocrx_word' id='word_1_118' title='bbox 630 1922 661 1978; x_wconf 88' lang='lat' dir='ltr'><strong>in</strong></span> <span class='ocrx_word' id='word_1_119' title='bbox 685 1921 788 1979; x_wconf 87' lang='lat' dir='ltr'><strong>itinere</strong></span> <span class='ocrx_word' id='word_1_120' title='bbox 813 1921 958 1994; x_wconf 83' lang='lat' dir='ltr'><strong>convenit,</strong></span> <span class='ocrx_word' id='word_1_121' title='bbox 981 1921 1031 1997; x_wconf 91' lang='lat' dir='ltr'><strong>qni</strong></span> 
     </span>
     <span class='ocr_line' id='line_1_18' title="bbox 117 2016 1031 2094; baseline -0.004 -19"><span class='ocrx_word' id='word_1_122' title='bbox 117 2017 221 2094; x_wconf 86' lang='lat' dir='ltr'><strong>Aspim</strong></span> <span class='ocrx_word' id='word_1_123' title='bbox 236 2017 391 2075; x_wconf 77' lang='lat' dir='ltr'><strong>ducebant.</strong></span> <span class='ocrx_word' id='word_1_124' title='bbox 432 2016 504 2078; x_wconf 71' lang='lat' dir='ltr'><strong>Qud</strong></span> <span class='ocrx_word' id='word_1_125' title='bbox 517 2016 666 2074; x_wconf 86' lang='lat' dir='ltr'><strong>celeritate</strong></span> <span class='ocrx_word' id='word_1_126' title='bbox 680 2036 768 2091; x_wconf 90' lang='lat' dir='ltr'><strong>quum</strong></span> <span class='ocrx_word' id='word_1_127' title='bbox 780 2035 915 2092; x_wconf 84' lang='lat' dir='ltr'><strong>magnam</strong></span> <span class='ocrx_word' id='word_1_128' title='bbox 927 2017 1031 2074; x_wconf 85' lang='lat' dir='ltr'><strong>benev-</strong></span> 
     </span>
     <span class='ocr_line' id='line_1_19' title="bbox 117 2111 1029 2188; baseline -0.001 -18"><span class='ocrx_word' id='word_1_129' title='bbox 117 2111 255 2170; x_wconf 77' lang='lat' dir='ltr'><strong>olentiam</strong></span> <span class='ocrx_word' id='word_1_130' title='bbox 269 2111 363 2188; x_wconf 85' lang='lat' dir='ltr'><strong>Regis</strong></span> <span class='ocrx_word' id='word_1_131' title='bbox 376 2112 515 2170; x_wconf 84' lang='lat' dir='ltr'><strong>Datames</strong></span> <span class='ocrx_word' id='word_1_132' title='bbox 529 2123 703 2170; x_wconf 90' lang='lat' dir='ltr'><strong>consecutus</strong></span> <span class='ocrx_word' id='word_1_133' title='bbox 718 2124 803 2184; x_wconf 87' lang='lat' dir='ltr'><strong>esset,</strong></span> <span class='ocrx_word' id='word_1_134' title='bbox 818 2132 876 2169; x_wconf 92' lang='lat' dir='ltr'><strong>non</strong></span> <span class='ocrx_word' id='word_1_135' title='bbox 887 2112 1029 2169; x_wconf 91' lang='lat' dir='ltr'><strong>minorem</strong></span> 
     </span>
     <span class='ocr_line' id='line_1_20' title="bbox 118 2204 1029 2282; baseline -0.003 -17"><span class='ocrx_word' id='word_1_136' title='bbox 118 2208 257 2266; x_wconf 84' lang='lat' dir='ltr'><strong>invidiam</strong></span> <span class='ocrx_word' id='word_1_137' title='bbox 272 2207 432 2265; x_wconf 88' lang='lat' dir='ltr'><strong>aulicorum</strong></span> <span class='ocrx_word' id='word_1_138' title='bbox 446 2207 571 2282; x_wconf 82' lang='lat' dir='ltr'><strong>excepit,</strong></span> <span class='ocrx_word' id='word_1_139' title='bbox 580 2207 629 2282; x_wconf 93' lang='lat' dir='ltr'><strong>qui</strong></span> <span class='ocrx_word' id='word_1_140' title='bbox 641 2207 722 2264; x_wconf 91' lang='lat' dir='ltr'><strong>illum</strong></span> <span class='ocrx_word' id='word_1_141' title='bbox 732 2226 822 2264; x_wconf 91' lang='lat' dir='ltr'><strong>unum</strong></span> <span class='ocrx_word' id='word_1_142' title='bbox 832 2207 932 2282; x_wconf 89' lang='lat' dir='ltr'><strong>pluris,</strong></span> <span class='ocrx_word' id='word_1_143' title='bbox 942 2204 1029 2281; x_wconf 75' lang='lat' dir='ltr'><strong>quam</strong></span> 
     </span>
     <span class='ocr_line' id='line_1_21' title="bbox 117 2302 1089 2375; baseline -0.001 -13"><span class='ocrx_word' id='word_1_144' title='bbox 117 2323 147 2361; x_wconf 89' lang='lat' dir='ltr'><strong>se</strong></span> <span class='ocrx_word' id='word_1_145' title='bbox 168 2321 282 2375; x_wconf 86' lang='lat' dir='ltr'><strong>omnes,</strong></span> <span class='ocrx_word' id='word_1_146' title='bbox 309 2302 372 2360; x_wconf 88' lang='lat' dir='ltr'><strong>fieri</strong></span> <span class='ocrx_word' id='word_1_147' title='bbox 393 2302 538 2361; x_wconf 89' lang='lat' dir='ltr'><strong>videbant.</strong></span> <span class='ocrx_word' id='word_1_148' title='bbox 589 2302 661 2365; x_wconf 82' lang='lat' dir='ltr'><strong>Quo</strong></span> <span class='ocrx_word' id='word_1_149' title='bbox 684 2304 761 2361; x_wconf 87' lang='lat' dir='ltr'><strong>sacto</strong></span> <span class='ocrx_word' id='word_1_150' title='bbox 784 2302 884 2360; x_wconf 89' lang='lat' dir='ltr'><strong>cuncti</strong></span> <span class='ocrx_word' id='word_1_151' title='bbox 905 2304 941 2360; x_wconf 91' lang='lat' dir='ltr'><strong>ad</strong></span> <span class='ocrx_word' id='word_1_152' title='bbox 962 2321 1029 2360; x_wconf 87' lang='lat' dir='ltr'><strong>eum</strong></span> <span class='ocrx_word' id='word_1_153' title='bbox 1048 2303 1089 2361; x_wconf 73' lang='lat'><strong>20</strong></span> 
     </span>
     <span class='ocr_line' id='line_1_22' title="bbox 116 2398 1028 2476; baseline -0.001 -19"><span class='ocrx_word' id='word_1_154' title='bbox 116 2399 338 2476; x_wconf 89' lang='lat' dir='ltr'><strong>opprimendum</strong></span> <span class='ocrx_word' id='word_1_155' title='bbox 370 2410 590 2457; x_wconf 87' lang='lat' dir='ltr'><strong>consenserunt.</strong></span> <span class='ocrx_word' id='word_1_156' title='bbox 645 2398 719 2456; x_wconf 79' lang='lat' dir='ltr'><strong>Haec</strong></span> <span class='ocrx_word' id='word_1_157' title='bbox 755 2399 911 2471; x_wconf 89' lang='lat' dir='ltr'><strong>Pandates,</strong></span> <span class='ocrx_word' id='word_1_158' title='bbox 945 2417 1028 2474; x_wconf 80' lang='lat' dir='ltr'><strong>gazae</strong></span> 
     </span>
     <span class='ocr_line' id='line_1_23' title="bbox 46 2494 1029 2570; baseline 0 -18"><span class='ocrx_word' id='word_1_159' title='bbox 46 2548 48 2552; x_wconf 81' lang='grc'>,</span> <span class='ocrx_word' id='word_1_160' title='bbox 117 2507 215 2554; x_wconf 87' lang='lat' dir='ltr'><strong>custos</strong></span> <span class='ocrx_word' id='word_1_161' title='bbox 238 2494 353 2570; x_wconf 84' lang='lat' dir='ltr'><strong>Regiae,</strong></span> <span class='ocrx_word' id='word_1_162' title='bbox 375 2495 487 2552; x_wconf 87' lang='lat' dir='ltr'><strong>amicus</strong></span> <span class='ocrx_word' id='word_1_163' title='bbox 509 2494 636 2567; x_wconf 88' lang='lat' dir='ltr'><strong>Datami,</strong></span> <span class='ocrx_word' id='word_1_164' title='bbox 660 2494 820 2570; x_wconf 87' lang='lat' dir='ltr'><strong>perscripta</strong></span> <span class='ocrx_word' id='word_1_165' title='bbox 845 2494 872 2551; x_wconf 91' lang='lat' dir='ltr'><strong>ei</strong></span> <span class='ocrx_word' id='word_1_166' title='bbox 887 2495 1029 2566; x_wconf 63' lang='lat' dir='ltr'><strong>mittitsin</strong></span> 
     </span>
     <span class='ocr_line' id='line_1_24' title="bbox 116 2588 1030 2666; baseline 0 -19"><span class='ocrx_word' id='word_1_167' title='bbox 116 2589 220 2665; x_wconf 89' lang='lat' dir='ltr'><strong>quibus</strong></span> <span class='ocrx_word' id='word_1_168' title='bbox 234 2589 330 2662; x_wconf 85' lang='lat' dir='ltr'><strong>docet,</strong></span> <span class='ocrx_word' id='word_1_169' title='bbox 344 2609 405 2647; x_wconf 84' lang='lat' dir='ltr'><strong>cum</strong></span> <span class='ocrx_word' id='word_1_170' title='bbox 418 2588 598 2666; x_wconf 81' lang='lat' dir='ltr'><strong>magaofore</strong></span> <span class='ocrx_word' id='word_1_171' title='bbox 606 2590 748 2666; x_wconf 81' lang='lat' dir='ltr'><strong>periculo,</strong></span> <span class='ocrx_word' id='word_1_172' title='bbox 762 2591 789 2646; x_wconf 83' lang='lat' dir='ltr'><strong>si</strong></span> <span class='ocrx_word' id='word_1_173' title='bbox 802 2589 875 2665; x_wconf 81' lang='lat' dir='ltr'><strong>quid</strong></span> <span class='ocrx_word' id='word_1_174' title='bbox 886 2591 934 2646; x_wconf 82' lang='lat' dir='ltr'><strong>illo</strong></span> <span class='ocrx_word' id='word_1_175' title='bbox 945 2591 1030 2665; x_wconf 81' lang='lat' dir='ltr'><strong>impe-</strong></span> 
     </span>
     <span class='ocr_line' id='line_1_25' title="bbox 44 2676 1029 2762; baseline 0.001 -20"><span class='ocrx_word' id='word_1_176' title='bbox 44 2736 48 2749; x_wconf 82' lang='lat'><strong>,</strong></span> <span class='ocrx_word' id='word_1_177' title='bbox 116 2694 199 2743; x_wconf 82' lang='lat' dir='ltr'><strong>rante</strong></span> <span class='ocrx_word' id='word_1_178' title='bbox 212 2686 245 2742; x_wconf 83' lang='lat' dir='ltr'><strong>in</strong></span> <span class='ocrx_word' id='word_1_179' title='bbox 258 2683 398 2762; x_wconf 75' lang='lat' dir='ltr'><strong>AEgypte</strong></span> <span class='ocrx_word' id='word_1_180' title='bbox 408 2676 524 2743; x_wconf 79' lang='lat' dir='ltr'><strong>adversi</strong></span> <span class='ocrx_word' id='word_1_181' title='bbox 537 2685 697 2743; x_wconf 83' lang='lat' dir='ltr'><strong>accidisset.</strong></span> <span class='ocrx_word' id='word_1_182' title='bbox 738 2685 870 2762; x_wconf 81' lang='lat' dir='ltr'><strong>Namque</strong></span> <span class='ocrx_word' id='word_1_183' title='bbox 889 2705 950 2743; x_wconf 87' lang='lat' dir='ltr'><strong>eam</strong></span> <span class='ocrx_word' id='word_1_184' title='bbox 971 2707 1029 2743; x_wconf 83' lang='lat' dir='ltr'><strong>esse</strong></span> 
     </span>
     <span class='ocr_line' id='line_1_26' title="bbox 116 2781 1089 2858; baseline -0.002 -19"><span class='ocrx_word' id='word_1_185' title='bbox 116 2781 343 2841; x_wconf 60' lang='lat' dir='ltr'><strong>consonatum</strong></span> <span class='ocrx_word' id='word_1_186' title='bbox 356 2783 477 2858; x_wconf 81' lang='lat' dir='ltr'><strong>regiam,</strong></span> <span class='ocrx_word' id='word_1_187' title='bbox 491 2791 524 2840; x_wconf 81' lang='lat' dir='ltr'><strong>ut</strong></span> <span class='ocrx_word' id='word_1_188' title='bbox 537 2802 620 2840; x_wconf 80' lang='lat' dir='ltr'><strong>casus</strong></span> <span class='ocrx_word' id='word_1_189' title='bbox 641 2782 775 2840; x_wconf 73' lang='grc' dir='ltr'><strong>αᾱυενεοε</strong></span> <span class='ocrx_word' id='word_1_190' title='bbox 798 2782 955 2839; x_wconf 79' lang='lat' dir='ltr'><strong>hominibus</strong></span> <span class='ocrx_word' id='word_1_191' title='bbox 977 2782 1029 2837; x_wconf 82' lang='lat' dir='ltr'><strong>tri·</strong></span> <span class='ocrx_word' id='word_1_192' title='bbox 1047 2781 1089 2838; x_wconf 76' lang='lat'><strong>25</strong></span> 
     </span>
     <span class='ocr_line' id='line_1_27' title="bbox 116 2873 1029 2955; baseline -0.003 -20"><span class='ocrx_word' id='word_1_193' title='bbox 116 2877 216 2950; x_wconf 75' lang='lat' dir='ltr'><strong>bunut,</strong></span> <span class='ocrx_word' id='word_1_194' title='bbox 230 2878 365 2936; x_wconf 76' lang='lat' dir='ltr'><strong>secundos</strong></span> <span class='ocrx_word' id='word_1_195' title='bbox 370 2877 504 2955; x_wconf 69' lang='lat' dir='ltr'><strong>fortem</strong></span> <span class='ocrx_word' id='word_1_196' title='bbox 518 2897 595 2936; x_wconf 72' lang='lat' dir='ltr'><strong>suta:</strong></span> <span class='ocrx_word' id='word_1_197' title='bbox 615 2877 757 2953; x_wconf 76' lang='lat' dir='ltr'><strong>quofiem‘,</strong></span> <span class='ocrx_word' id='word_1_198' title='bbox 771 2884 805 2933; x_wconf 80' lang='lat' dir='ltr'><strong>ut</strong></span> <span class='ocrx_word' id='word_1_199' title='bbox 814 2873 912 2951; x_wconf 69' lang='lat' dir='ltr'><strong>focile</strong></span> <span class='ocrx_word' id='word_1_200' title='bbox 934 2876 1029 2950; x_wconf 81' lang='lat' dir='ltr'><strong>impel-</strong></span> 
     </span>
     <span class='ocr_line' id='line_1_28' title="bbox 116 2966 1029 3050; baseline -0.005 -19"><span class='ocrx_word' id='word_1_201' title='bbox 116 2973 216 3031; x_wconf 78' lang='lat' dir='ltr'><strong>luntur</strong></span> <span class='ocrx_word' id='word_1_202' title='bbox 229 2972 376 3042; x_wconf 70' lang='lat' dir='ltr'><strong>odacrum</strong></span> <span class='ocrx_word' id='word_1_203' title='bbox 387 2973 551 3050; x_wconf 75' lang='lat' dir='ltr'><strong>perniciem,</strong></span> <span class='ocrx_word' id='word_1_204' title='bbox 565 2991 682 3048; x_wconf 82' lang='lat' dir='ltr'><strong>quorum</strong></span> <span class='ocrx_word' id='word_1_205' title='bbox 693 2970 780 3027; x_wconf 81' lang='lat' dir='ltr'><strong>ductu</strong></span> <span class='ocrx_word' id='word_1_206' title='bbox 794 2989 838 3026; x_wconf 84' lang='lat' dir='ltr'><strong>res</strong></span> <span class='ocrx_word' id='word_1_207' title='bbox 852 2966 924 3025; x_wconf 74' lang='lat' dir='ltr'><strong>mald</strong></span> <span class='ocrx_word' id='word_1_208' title='bbox 938 2976 1029 3042; x_wconf 73' lang='lat' dir='ltr'><strong>gesto</strong></span> 
     </span>
     <span class='ocr_line' id='line_1_29' title="bbox 116 3061 1029 3142; baseline -0.007 -16"><span class='ocrx_word' id='word_1_209' title='bbox 116 3070 303 3127; x_wconf 61' lang='lat' dir='ltr'><strong>conflentur.-</strong></span> <span class='ocrx_word' id='word_1_210' title='bbox 323 3069 402 3126; x_wconf 79' lang='lat' dir='ltr'><strong>illum</strong></span> <span class='ocrx_word' id='word_1_211' title='bbox 415 3065 468 3126; x_wconf 78' lang='lat' dir='ltr'><strong>hdo</strong></span> <span class='ocrx_word' id='word_1_212' title='bbox 489 3067 594 3142; x_wconf 81' lang='lat' dir='ltr'><strong>majore</strong></span> <span class='ocrx_word' id='word_1_213' title='bbox 607 3064 678 3142; x_wconf 86' lang='lat' dir='ltr'><strong>fore</strong></span> <span class='ocrx_word' id='word_1_214' title='bbox 698 3066 730 3122; x_wconf 80' lang='lat' dir='ltr'><strong>in</strong></span> <span class='ocrx_word' id='word_1_215' title='bbox 749 3064 922 3135; x_wconf 79' lang='lat' dir='ltr'><strong>discrimine,</strong></span> <span class='ocrx_word' id='word_1_216' title='bbox 942 3061 1029 3140; x_wconf 83' lang='lat' dir='ltr'><strong>qudd,</strong></span> 
     </span>
     <span class='ocr_line' id='line_1_30' title="bbox 117 3159 1027 3240; baseline -0.004 -18"><span class='ocrx_word' id='word_1_217' title='bbox 117 3165 218 3240; x_wconf 78' lang='lat' dir='ltr'><strong>quibus</strong></span> <span class='ocrx_word' id='word_1_218' title='bbox 233 3163 300 3222; x_wconf 79' lang='lat' dir='ltr'><strong>Rea</strong></span> <span class='ocrx_word' id='word_1_219' title='bbox 322 3161 442 3221; x_wconf 67' lang='lat' dir='ltr'><strong>maximi</strong></span> <span class='ocrx_word' id='word_1_220' title='bbox 466 3163 590 3234; x_wconf 82' lang='lat' dir='ltr'><strong>obediat,</strong></span> <span class='ocrx_word' id='word_1_221' title='bbox 614 3181 659 3219; x_wconf 83' lang='lat' dir='ltr'><strong>cos</strong></span> <span class='ocrx_word' id='word_1_222' title='bbox 681 3161 786 3218; x_wconf 77' lang='lat' dir='ltr'><strong>haheat</strong></span> <span class='ocrx_word' id='word_1_223' title='bbox 808 3159 1027 3218; x_wconf 82' lang='lat' dir='ltr'><strong>inimicissimos.</strong></span> 
     </span>
     <span class='ocr_line' id='line_1_31' title="bbox 117 3257 1088 3334; baseline -0.002 -16"><span class='ocrx_word' id='word_1_224' title='bbox 117 3259 243 3318; x_wconf 81' lang='lat' dir='ltr'><strong>Talibus</strong></span> <span class='ocrx_word' id='word_1_225' title='bbox 267 3259 315 3317; x_wconf 90' lang='lat' dir='ltr'><strong>ille</strong></span> <span class='ocrx_word' id='word_1_226' title='bbox 337 3259 440 3318; x_wconf 84' lang='lat' dir='ltr'><strong>litteris</strong></span> <span class='ocrx_word' id='word_1_227' title='bbox 465 3259 600 3334; x_wconf 87' lang='lat' dir='ltr'><strong>cognitis,</strong></span> <span class='ocrx_word' id='word_1_228' title='bbox 620 3277 708 3333; x_wconf 88' lang='lat' dir='ltr'><strong>quum</strong></span> <span class='ocrx_word' id='word_1_229' title='bbox 728 3258 788 3334; x_wconf 87' lang='lat' dir='ltr'><strong>jam</strong></span> <span class='ocrx_word' id='word_1_230' title='bbox 811 3257 847 3314; x_wconf 90' lang='lat' dir='ltr'><strong>ad</strong></span> <span class='ocrx_word' id='word_1_231' title='bbox 867 3257 1027 3315; x_wconf 85' lang='lat' dir='ltr'><strong>exercitum</strong></span> <span class='ocrx_word' id='word_1_232' title='bbox 1048 3258 1088 3316; x_wconf 79' lang='lat'><strong>30</strong></span> 
     </span>
     <span class='ocr_line' id='line_1_32' title="bbox 117 3351 1030 3430; baseline -0.005 -16"><span class='ocrx_word' id='word_1_233' title='bbox 117 3358 203 3415; x_wconf 87' lang='lat' dir='ltr'><strong>Acen</strong></span> <span class='ocrx_word' id='word_1_234' title='bbox 218 3355 355 3429; x_wconf 85' lang='lat' dir='ltr'><strong>venisset,</strong></span> <span class='ocrx_word' id='word_1_235' title='bbox 370 3353 448 3430; x_wconf 81' lang='lat' dir='ltr'><strong>qubd</strong></span> <span class='ocrx_word' id='word_1_236' title='bbox 462 3374 520 3412; x_wconf 91' lang='lat' dir='ltr'><strong>non</strong></span> <span class='ocrx_word' id='word_1_237' title='bbox 535 3354 688 3430; x_wconf 86' lang='lat' dir='ltr'><strong>ignorabat</strong></span> <span class='ocrx_word' id='word_1_238' title='bbox 702 3373 736 3410; x_wconf 88' lang='lat' dir='ltr'><strong>ea</strong></span> <span class='ocrx_word' id='word_1_239' title='bbox 757 3351 824 3409; x_wconf 70' lang='lat' dir='ltr'><strong>vere</strong></span> <span class='ocrx_word' id='word_1_240' title='bbox 841 3353 958 3429; x_wconf 89' lang='lat' dir='ltr'><strong>scripta,</strong></span> <span class='ocrx_word' id='word_1_241' title='bbox 981 3354 1030 3410; x_wconf 92' lang='lat' dir='ltr'><strong>de·</strong></span> 
     </span>
     <span class='ocr_line' id='line_1_33' title="bbox 118 3446 1028 3527; baseline -0.007 -17"><span class='ocrx_word' id='word_1_242' title='bbox 118 3449 534 3527; x_wconf 84' lang='lat' dir='ltr'><strong>sciscereaRegeconstituit.</strong></span> <span class='ocrx_word' id='word_1_243' title='bbox 569 3446 674 3522; x_wconf 89' lang='lat' dir='ltr'><strong>Neque</strong></span> <span class='ocrx_word' id='word_1_244' title='bbox 683 3446 940 3522; x_wconf 83' lang='lat' dir='ltr'><strong>tamenquicquam</strong></span> <span class='ocrx_word' id='word_1_245' title='bbox 949 3448 1028 3520; x_wconf 86' lang='lat' dir='ltr'><strong>fecit,</strong></span> 
     </span>
     <span class='ocr_line' id='line_1_34' title="bbox 118 3541 1030 3624; baseline -0.009 -17"><span class='ocrx_word' id='word_1_246' title='bbox 118 3548 193 3624; x_wconf 89' lang='lat' dir='ltr'><strong>qnod</strong></span> <span class='ocrx_word' id='word_1_247' title='bbox 206 3547 265 3607; x_wconf 80' lang='lat' dir='ltr'><strong>sade</strong></span> <span class='ocrx_word' id='word_1_248' title='bbox 279 3545 333 3605; x_wconf 75' lang='lat' dir='ltr'><strong>sut</strong></span> <span class='ocrx_word' id='word_1_249' title='bbox 346 3556 423 3604; x_wconf 84' lang='lat' dir='ltr'><strong>esset</strong></span> <span class='ocrx_word' id='word_1_250' title='bbox 436 3544 599 3620; x_wconf 84' lang='lat' dir='ltr'><strong>indignum.</strong></span> <span class='ocrx_word' id='word_1_251' title='bbox 641 3542 719 3600; x_wconf 90' lang='lat' dir='ltr'><strong>Nam</strong></span> <span class='ocrx_word' id='word_1_252' title='bbox 734 3541 935 3600; x_wconf 83' lang='lat' dir='ltr'><strong>Mandroclem</strong></span> <span class='ocrx_word' id='word_1_253' title='bbox 947 3543 1030 3618; x_wconf 79' lang='lat' dir='ltr'><strong>Mag·</strong></span> 
     </span>
    </p>
   </div>
   <div class='ocr_carea' id='block_1_3' title="bbox 0 0 1200 4132">
    <p class='ocr_par' dir='ltr' id='par_1_3' title="bbox 0 0 1200 4132">
     <span class='ocr_line' id='line_1_35' title="bbox 0 0 1200 4132; baseline 0 0"><span class='ocrx_word' id='word_1_254' title='bbox 0 0 1200 4132; x_wconf 95' lang='lat' dir='ltr'><strong> </strong></span> 
     </span>
    </p>
   </div>
  </div>
 </body>
</html>
