2392 4132
512 317 615 369 otro.
1021 304 1078 366 lor
1160 325 1171 336 ⁶

109 488 196 550 esset,
221 478 425 549 renuntiasset,
446 496 603 552 omnesque
627 476 722 533 exitus
744 488 901 550 occupatos
923 485 1018 532 osten·

109 572 217 640 disset3
239 572 330 629 sensit
343 572 372 628 id
386 591 445 629 non
459 571 576 629 fortuito
590 573 709 640 sactum,
724 570 775 626 sed
789 589 820 626 ee
838 570 908 644 peti,
923 589 1017 644 neque

110 665 165 721 sibi
179 664 288 723 diutius
309 665 396 722 vitam
423 683 487 722 esse
510 665 699 722 retinendam.
740 665 840 726 Quam
865 683 902 721 ne
924 664 1018 722 alieno

110 758 226 817 arbitrio
241 760 407 831 dimitteret,
428 777 537 816 memor
556 758 741 834 pristinarum
763 759 909 830 virtutum,
934 771 1019 815 venei

110 872 190 925 num,
204 854 280 928 quod
294 872 407 928 semper
421 872 520 910 secum
534 854 641 909 habere
665 864 863 924 consueverat,
888 853 1016 929 sumpsit.
1037 855 1058 910 5

149 947 238 1004 XIII.
281 948 333 1005 Sic
347 948 388 1005 vir
403 947 574 1006 fortissimus
587 947 685 1004 multis
699 947 839 1021 variisque
850 949 1019 1022 perfunctus

110 1042 255 1100 laboribus
270 1061 346 1099 anno
361 1041 502 1116 acquievit
516 1041 736 1116 septuagesimo.
776 1040 894 1102 Quibus
907 1041 1020 1098 Consu·

110 1137 185 1192 libus
212 1135 361 1208 interierit,
389 1155 447 1194 non
474 1136 618 1193 convenit.
659 1132 736 1191 Nam
764 1135 891 1205 Atticus,
918 1135 1019 1193 Marco

113 1230 237 1287 Claudio
251 1229 401 1302 Marcello,
415 1229 455 1290 Q.
471 1229 564 1286 Fabio
577 1229 714 1286 Labeone
728 1229 810 1286 Coss.
825 1241 968 1287 mortuum
988 1229 1018 1286 in

114 1323 213 1381 annali
227 1342 279 1381 suo
293 1323 431 1399 seriptum
451 1323 574 1397 reliquit.
616 1324 658 1380 At
682 1323 828 1398 Polybius,
844 1323 877 1380 L.
899 1324 1019 1382 AEmilio
1040 1324 1078 1382 10

112 1417 213 1489 Paulo,
235 1428 265 1475 et
289 1418 344 1475 Cn.
367 1417 465 1475 Baebio
489 1416 664 1492 Tamphilo:
686 1418 833 1493 Sulpicius
857 1420 1017 1491 autem,.P.

112 1513 249 1574 Cornelio
276 1513 417 1588 Cethego,
445 1513 487 1570 M.
515 1512 614 1570 Baebio
640 1512 804 1587 Tamphilo.
847 1513 943 1588 Atque
970 1513 1019 1570 hio

111 1619 210 1666 tantus
223 1609 265 1666 vir
280 1609 422 1682 tantisque
446 1607 529 1663 bellis
549 1606 697 1664 districtus
723 1607 855 1665 nonnihil
883 1607 1019 1683 temporis

112 1701 212 1760 tribuit
224 1702 335 1760 litteris.
376 1700 510 1774 Namque
525 1699 631 1773 aliquot
655 1700 718 1775 ejus
739 1700 805 1759 libri
827 1713 894 1759 sunt
917 1703 1020 1760 Graeco

112 1815 245 1855 sermone
269 1796 403 1855 confecti.
437 1794 481 1858 ‚In
502 1793 547 1850 his
571 1795 607 1851 ad
631 1795 765 1854 Rhodios
785 1797 822 1853 de
836 1796 892 1853 Cn.
915 1795 1018 1853 Manlii
1041 1797 1078 1854 15

112 1891 252 1950 Vulsonis
265 1891 296 1948 iu
310 1890 383 1947 Asia
396 1890 483 1947 rebus
496 1890 593 1965 gestis.
636 1890 732 1967 Hujus
745 1891 821 1948 bella
834 1902 916 1967 gesta
937 1890 1019 1947 multi

112 1986 258 2044 memorie
280 1985 486 2061 prodiderunt:
509 1985 560 2042 sed
584 2004 621 2042 ex
644 1984 689 2043 his
714 1986 781 2058 duo,
795 1986 925 2060 quicum
939 1986 1019 2043 eoin
1042 2031 1044 2035 .

112 2081 215 2138 castris
251 2080 377 2151 suerunt,
404 2078 545 2154 simulque
573 2078 715 2152 vixerunt,
743 2079 879 2153 quamdiu
906 2081 1021 2137 fortuna

112 2183 272 2250 pascuost,
301 2173 427 2244 Silenus,
451 2184 481 2230 et
503 2172 613 2230 Sosilus
634 2172 882 2230 Lacedaemonius.
924 2173 1020 2247 Atque

113 2269 169 2324 hoc
183 2267 278 2325 Sosilo
291 2266 440 2324 Hannibal
454 2266 613 2325 litterarum
627 2268 794 2324 Graecarum
815 2287 884 2325 usus
897 2279 941 2325 est
954 2268 1021 2325 doc·
1039 2267 1080 2326 20

112 2373 183 2419 tore.
226 2361 285 2418 Sed
299 2379 379 2418 nuuc
392 2372 505 2437 tempus
518 2372 562 2420 est
575 2362 661 2437 hujus
675 2361 740 2419 libri
759 2363 854 2419 facere
878 2362 976 2434 finem,
991 2373 1020 2420 et

114 2455 314 2514 Romanorum
327 2455 473 2531 explicare
486 2455 682 2530 imperatores,
696 2454 753 2530 quh
774 2453 888 2513 facilius
910 2456 1022 2514 collatis

114 2562 299 2626 utrorumque
313 2549 408 2624 lactis,
432 2550 481 2624 qui
505 2549 558 2606 viri
582 2549 753 2625 praeferendi
776 2549 844 2623 sint,
865 2550 956 2625 possit
977 2551 1021 2625 ju·

114 2645 216 2702 dicari.
268 2670 271 2674 Δ

458 2833 689 2848 affl

412 3008 529 3067 XXIV.
571 3005 735 3065 CATO.

155 3205 180 3263 1.
222 3201 307 3273 Cato,
330 3209 411 3258 ortus
434 3194 593 3271 municipio
619 3193 760 3268 Tusculo,
784 3194 1025 3269 adolescentulus,
1044 3196 1084 3255 25

116 3301 283 3378 priusquam
297 3293 454 3352 honoribus
467 3309 583 3366 operam
597 3291 689 3363 daret,
713 3286 841 3347 versatus
855 3300 899 3348 est
923 3289 953 3346 in
976 3291 1027 3348 Sa·

117 3395 204 3466 binis,
231 3388 309 3466 qubd
336 3387 378 3445 ibi
404 3385 554 3444 heredium
581 3403 599 3441 a
625 3397 714 3461 patre
733 3384 866 3442 relictum
892 3385 1026 3444 habebat.

119 3487 243 3547 Hortata
258 3481 292 3540 L.
306 3480 416 3539 Valerii
430 3478 541 3552 Flacci,
549 3498 635 3553 quem
646 3465 677 3536 in
687 3479 839 3538 consulatu
848 3480 1028 3554 censuraque
