2392 4132
108 331 151 390 64
514 338 701 389 ’ΒΔΤΑΜΈΞῦΙ

169 497 412 556 est-Timothei
427 508 523 555 autem
534 497 689 556 moderate
708 493 904 571 sapientisque
914 496 979 551 vitre
990 513 1080 569 quum

168 594 303 668 pleraque
337 592 480 669 possimus
513 593 641 669 proferre
675 589 850 662 testimonia,
878 608 936 647 uno
971 589 1080 646 erimus

85 736 91 747 .
168 687 308 760 contenti,
322 686 400 763 quod
414 707 450 744 ex
464 707 499 746 eo
513 684 599 745 facile
618 685 727 761 conjici
750 683 863 760 poterit,
885 681 972 759 quam
995 702 1080 741 carus

168 783 228 841 suis
241 775 335 841 suerit.
376 782 480 845 Quum
494 781 620 840 Athenis
641 780 874 839 adolescentulus
897 796 1016 836 causam
1038 778 1080 834 dr·

126 879 256 951 oneret,
283 898 342 936 non
369 876 462 937 solrim
489 876 577 934 amici
607 875 767 952 privatique
794 873 921 950 hospites
947 874 984 930 ad
1012 893 1079 930 eurn

167 974 382 1032 defendendum
397 982 605 1043 convenerunt,
630 969 787 1028 sedetiam
811 968 841 1025 in
863 967 906 1026 eis
928 967 1019 1026 Jason
1037 979 1079 1043 ty·

167 1089 286 1141 rannus,
314 1068 363 1143 qui
376 1068 439 1126 'illo
462 1078 592 1142 tempore
614 1064 672 1147 'suit
689 1064 826 1122 omniurn
851 1063 1077 1140 potentissimus.

167 1163 237 1235 Hic,
252 1182 340 1239 quum
356 1163 386 1219 in
399 1161 493 1242 patriai
507 1161 571 1218 sine
585 1159 756 1218 satellitibus
764 1178 802 1246 ¹se
815 1170 908 1217 tutum
930 1178 989 1216 non
1005 1158 1080 1216 arbi·

166 1269 298 1328 traretur,
311 1257 444 1331 Athenas
458 1254 521 1313 sine
535 1255 594 1312 ulto
608 1253 741 1330 praesidio
756 1253 848 1326 venit,
863 1253 993 1329 tantique
1012 1255 1079 1312 hos·

112 1353 147 1411 10
166 1351 254 1428 pitem
270 1351 349 1423 secit,
364 1362 396 1410 ut
409 1350 508 1408 mallet
522 1369 553 1407 se
568 1349 671 1426 capitis
691 1349 853 1425 periculum
877 1349 967 1420 adire,
989 1345 1077 1424 quium

166 1446 323 1504 Timotheo
342 1446 378 1503 de
400 1444 477 1503 samri
496 1443 647 1502 dimicanti
672 1444 782 1501 deesse.
824 1443 914 1512 Hunc
939 1443 1077 1503 adversus

166 1554 263 1600 tamen
291 1541 465 1599 Timotheus
489 1552 589 1616 postea
611 1539 709 1616 populi
728 1539 811 1616 jussu
841 1539 947 1597 bellum
975 1539 1078 1616 gessit,

165 1637 321 1712 patrieque
349 1635 494 1694 sanctiora
520 1635 596 1712 jura,
624 1633 710 1711 quam
738 1633 863 1710 hospitii,
890 1654 954 1692 esse
982 1635 1075 1694 duxit.

165 1731 240 1788 Haec
267 1742 396 1788 extrema
423 1731 477 1790 fuit
504 1742 573 1789 aetas
600 1730 804 1805 imperatorum
836 1729 1074 1805 Atheniensium,

109 1825 147 1885 15
166 1824 331 1901 Iphicratis,
360 1824 505 1897 Chabriae,
533 1824 705 1882 Timothei:
739 1842 834 1899 neque
867 1837 931 1901 post
963 1825 1078 1905 illorum

165 1919 276 1977 obitum
287 1918 438 1994 quisquam
452 1919 511 1977 dux
525 1918 556 1976 in
577 1918 626 1976 illa
641 1919 712 1976 urbe
727 1918 781 1978 fuit
800 1919 905 1995 dignus
926 1921 1077 1980 memorie.

415 2247 501 2305 XIV.
542 2246 836 2308 DATAMES..

205 2402 229 2459 1.
271 2402 367 2462 Venio
389 2423 469 2462 nunc
497 2404 533 2461 ad
560 2404 747 2463 fortissimum
774 2405 877 2479 virum,
900 2406 1077 2484 maximique

166 2497 291 2571 consilii,
304 2498 435 2556 omnium
449 2499 653 2558 barbarorum:
674 2501 803 2576 exceptis
818 2501 937 2562 ,duobus
955 2501 1078 2561 Cartha·

165 2592 357 2669 giniensibus,
385 2594 554 2652 Hamilcare
581 2605 611 2653 et
638 2594 815 2652 Hannibale.
865 2595 911 2652 De
935 2615 992 2670 quo
1018 2595 1077 2655 hoc

105 2688 147 2747 2⁰
165 2688 249 2765 plura
271 2689 439 2761 referemus,
467 2687 544 2764 quod
571 2700 600 2746 et
626 2689 794 2746 obscuriore
819 2701 886 2748 sunt
909 2689 973 2765 ejus
994 2704 1076 2767 gesta
1156 2753 1160 2764 ,

164 2784 312 2861 pleraque,
326 2794 356 2842 et
368 2803 414 2856 ea,
429 2803 492 2860 quae
505 2781 641 2859 prospere
655 2783 682 2840 ei
705 2797 865 2858 cesserunt,
883 2804 942 2844 non
964 2786 1077 2863 magni·

131 2879 134 2886 ’
165 2879 266 2938 tudine
281 2878 440 2956 copiarum,
454 2879 505 2936 sed
529 2878 653 2952 consilii,
678 2899 734 2955 quo
758 2878 871 2938 tantum
895 2899 954 2938 non
975 2901 1078 2941 omnes

165 2977 330 3051 superabat,
344 2975 532 3034 aeciderunt:
554 2994 675 3050 quorum
698 2974 754 3033 nisi
776 2975 849 3033 ratio
859 2975 1005 3051 explicata
1018 2978 1078 3034 sue·

164 3070 212 3142 rit,
226 3091 272 3129 res
287 3090 423 3147 apparere
437 3091 496 3129 non
510 3081 652 3147 poterunt.
694 3070 837 3127 Datames
860 3082 940 3146 patre
965 3071 1077 3129 Camis-

105 3163 146 3222 25
166 3184 240 3236 sare,
268 3167 391 3224 natione=
413 3166 499 3238 Care,
527 3176 618 3223 matre
632 3164 796 3239 ,Scythissa
828 3176 924 3236 natus,
951 3163 1076 3240 primirm

165 3258 288 3316 militum
304 3279 425 3318 numero
439 3260 492 3320 fuit
502 3261 577 3336 apud
587 3261 777 3318 Artaxerxem
789 3279 899 3331 eorum,
909 3259 958 3334 qui
967 3260 1077 3336 regiam

166 3355 330 3412 tuebantur.
372 3355 458 3414 Pater
472 3356 535 3431 ejus
549 3355 740 3428 Comissares,
753 3353 831 3430 quod
845 3367 874 3413 et
888 3375 977 3412 manu
997 3356 1077 3414 sortis

166 3449 280 3508 etbeilo
289 3459 423 3508 strenuus
436 3463 466 3509 et
476 3451 556 3527 Regi
567 3450 665 3509 multis
675 3450 748 3509 iocis
759 3450 853 3508 tidelis
862 3461 925 3508 erat
935 3462 1076 3529 repertus,
1148 3480 1156 3487 ·

166 3543 268 3603 habuit
281 3543 458 3621 provinciam
472 3557 584 3622 partem
605 3545 719 3604 Cilioiae
739 3545 824 3623 juxta
848 3545 1077 3622 Cappadociam,
