2392 4132
145 366 202 429 m
439 324 471 425 τ’.
487 372 873 426 roaeonrusarrtcus.

199 535 282 595 libris
294 531 367 593 nihil
380 544 548 609 potestesse
568 531 682 590 dulcius
706 532 752 605 iis,
775 532 825 608 qui
849 531 974 608 aliquam
998 538 1115 614 eupidi-

200 642 290 691 tatem
304 630 413 687 habent
426 627 535 686 notitiae
546 628 689 685 clarorum
702 627 836 687 virorum.
878 628 986 704 Attigit
996 644 1114 708 quoque

199 724 355 800 poeticen:
383 722 540 795 credimus,
566 741 605 779 ne
630 722 694 798 ejus
721 741 823 798 expers
848 735 926 782 esset
952 726 1115 788 suavitatis.

199 819 335 894 Namque
350 817 491 890 versibus,
511 816 561 892 qui
581 817 690 875 honore
710 836 864 892 rerumque
884 831 1030 894 gestarum
1055 842 1117 880 am·

160 917 182 977 δ
200 915 343 991 piitudine
357 927 477 973 ceteros
491 912 619 971 Romani
631 912 730 989 populi
741 912 945 988 praestiterunt,
960 919 1115 991 exposuit:

96 1055 100 1065 .
201 1011 251 1083 ita,
265 1023 298 1068 ut
310 1011 365 1068 sub
378 1009 557 1086 singulorum
577 1008 752 1084 imaginibus
774 1008 851 1066 saeta
871 1009 1115 1088 magistratusque

200 1125 300 1165 eorum
314 1125 373 1164 nou
387 1102 510 1180 amplibs
522 1103 670 1178 quaternis
680 1101 810 1176 quinisve
834 1103 964 1161 versibus
986 1104 1115 1183 descrip-

200 1201 289 1258 serit:
309 1201 385 1274 qnod
399 1199 446 1254 vix
460 1197 637 1255 credendum
659 1195 706 1267 sit,
727 1207 824 1254 tantas
846 1216 894 1254 res
906 1209 965 1256 tam
989 1200 1114 1260 breviter

199 1294 326 1370 potuisse
340 1292 490 1350 declarari.
532 1290 586 1348 Est
608 1290 696 1348 etiam
719 1291 793 1349 liber
819 1290 923 1350 Graecd
948 1296 1113 1369 consectus,

145 1388 182 1448 10
200 1388 234 1447 de
247 1387 395 1444 consulatu
411 1385 567 1442 Ciceronis.

136 1550 140 1560 ⁸
240 1481 329 1540 XIX.
370 1480 523 1538 Hactenus
539 1478 638 1538 Attico
651 1477 715 1536 rivo
737 1478 816 1538 edita
829 1479 893 1537 hec
909 1481 1023 1540 anobis
1036 1495 1114 1543 sunt.

202 1575 292 1635 Nunc
315 1575 452 1651 quoniam
474 1575 589 1634 sortuna
612 1593 666 1633 nos
687 1573 855 1650 superstites
875 1575 903 1632 ei
924 1594 989 1634 esse
1012 1578 1113 1651 voluit,

202 1672 313 1747 reliqua
337 1689 553 1747 persequemur,
580 1681 620 1741 et,
644 1668 784 1744 quantum
804 1669 992 1746 potuerimus,
1016 1690 1114 1730 rerum

202 1765 342 1842 exemplis
367 1766 491 1824 lectores
517 1764 696 1835 docebimus,
723 1763 798 1821 sieut
825 1761 911 1839 suprd
941 1763 1116 1840 significavi·

145 1860 184 1921 15
202 1847 470 1934 mussantesque
490 1877 579 1915 mores
587 1856 756 1933 pleramque
779 1859 932 1916 conciliare
946 1857 1114 1935 fortunam.

202 1953 337 2028 Namque
350 1953 399 2010 hic
413 1963 567 2011 contentus
579 1951 680 2009 ordine
701 1951 835 2026 equestri,
857 1971 915 2027 quo
939 1964 1002 2012 erat
1024 1967 1115 2029 ortus,

203 2047 233 2105 in
260 2030 428 2105 affinitatem
454 2045 585 2122 pervenit
611 2045 789 2120 imperatoris
815 2045 883 2103 Divi
913 2045 1013 2128 [Julii]
1041 2050 1113 2109 filii:

202 2162 290 2218 quum
313 2142 375 2218 jam
402 2139 470 2200 autb
496 2140 721 2217 familiaritatem
748 2140 811 2214 ejus
836 2152 913 2198 esset
938 2156 1115 2204 consecutus
1168 2172 1176 2189 ·

203 2237 283 2294 nulli
297 2237 353 2295 alit
363 2256 406 2307 re,
419 2233 506 2309 qudm
520 2233 665 2309 elegantia
681 2233 757 2303 vitae,
770 2233 827 2306 qut
851 2245 971 2291 ceteros
997 2251 1116 2313 ceperat

143 2331 184 2389 20
203 2329 349 2405 principes
378 2327 513 2398 civitatis,
540 2325 681 2401 dignitate
706 2325 780 2401 pari,
806 2327 922 2384 sortunb
949 2329 1114 2394 humiliore.

203 2423 302 2481 Tanta
323 2421 401 2480 enim
422 2421 596 2498 prosperitas
618 2420 764 2480 Caesarem
786 2440 853 2480 eum
876 2434 921 2487 est
947 2442 1116 2503 consecuta,

203 2532 236 2578 ut
248 2518 321 2576 nibil
345 2518 373 2576 ei
394 2536 454 2576 non
476 2517 609 2576 tribuerit
633 2517 757 2590 fortuna,
785 2519 861 2593 quod
888 2520 1024 2595 cuiquam
1048 2536 1116 2583 ante

204 2613 348 2685 detulerit,
362 2626 393 2675 et
411 2612 577 2671 conciliarit
597 2613 673 2688 quod
696 2632 781 2672 nemo
796 2614 891 2672 adhuc
914 2614 986 2672 civis
1008 2616 1117 2675 Roma·

205 2708 363 2784 nusquivit
376 2707 523 2782 consequi.
564 2706 644 2765 Nata
657 2719 753 2765 autem
767 2720 812 2767 est
836 2709 936 2771 Attico
960 2712 1055 2787 neptis
1079 2731 1115 2769 ex

144 2806 186 2865 25
205 2803 346 2882 Agrippa,
360 2801 408 2860 cui
422 2801 563 2877 virginem
582 2801 671 2858 filiam
691 2803 855 2862 coliocirat.
897 2803 984 2861 Hanc
1006 2805 1115 2879 Cesar,

205 2899 253 2957 vix
267 2897 443 2969 anniculam,
457 2895 580 2955 Tiberio
592 2895 717 2955 Claudio
738 2895 861 2971 Neroni,
885 2897 1013 2956 Drusilla
1037 2912 1115 2973 nato,

205 2994 337 3072 privigno
347 3012 410 3065 suo,
424 2991 594 3068 despondit:
614 3010 677 3067 quae
691 2992 859 3067 conjunctio
871 2994 1115 3053 necessitudinem

207 3108 306 3148 eorum
321 3087 425 3159 sanxit,
440 3086 662 3145 familiaritatem
677 3087 802 3146 reddidit
815 3086 1045 3163 frequentiorem.

245 3181 316 3240 XX.
356 3180 501 3241 Quamvis
515 3191 582 3237 ante
596 3181 659 3238 baec
674 3181 817 3256 sponsalia
838 3200 896 3240 non
911 3179 1013 3254 solbm,
1026 3200 1115 3257 quum

147 3277 188 3337 80
208 3276 245 3333 ab
258 3275 330 3332 urbe
344 3275 466 3346 abesset,
481 3293 628 3349 nunquam
643 3276 679 3332 ad
694 3294 810 3335 suorum
831 3294 994 3352 quenquam
1007 3275 1116 3336 litteras

207 3369 295 3441 misit,
309 3368 378 3444 quin
394 3368 493 3426 Attico
507 3367 642 3441 mitteret,
666 3371 735 3445 quid
758 3381 865 3446 ageret,
890 3370 1031 3447 imprimis
1048 3371 1115 3447 quid
1145 3440 1149 3447 ⁸

205 3466 314 3541 legeret
328 3484 335 3534 ;
356 3463 517 3538 quibusque
530 3462 560 3521 iu
575 3462 656 3537 iocis,
670 3475 700 3522 et
710 3465 931 3539 quamdiuesset
939 3477 1116 3524 moraturus:

206 3557 257 3616 sad
270 3558 358 3616 etiam
371 3574 460 3631 quum
473 3567 550 3614 esset
564 3556 593 3614 in
607 3558 690 3630 urbe,
712 3569 741 3616 et
761 3569 876 3634 propter
898 3576 967 3617 suas
991 3559 1119 3619 infinitas
