2392 4132
105 366 146 435 86
485 371 756 426 THRASYBULUS.

166 535 196 593 in
210 535 303 612 proelii
325 554 468 593 concursu
493 536 552 594 abit
570 556 615 593 res
630 555 647 592 a
660 535 781 594 oonsilio
803 536 839 592 ad
864 535 937 593 vires
957 534 1072 610 vimque

164 630 362 707 pugnantium.
405 630 505 705 Itaque
517 631 581 706 jure
604 648 655 688 suo
679 631 818 688 nonnulla
843 631 878 687 ab
900 630 1071 706 imperatore

165 725 257 795 miles,
271 725 394 799 plurima
407 724 474 781 verb
490 726 603 784 sortuna
616 725 753 798 vindieat,
768 744 855 800 seque
874 723 923 782 hle
935 723 1001 801 plus
1015 727 1072 785 val·

165 818 252 890 uisse,
267 816 351 892 quim
374 819 457 876 ducis
480 820 673 894 prudentiam,
696 818 762 877 vere
786 831 880 896 potest
902 821 1069 896 praedicare.

124 915 145 970 5
164 913 266 974 Quare
291 913 360 970 illud
388 914 706 990 magnificentissimum
730 916 838 973 sactum
860 916 1006 991 proprium
1027 929 1071 974 est

165 1007 350 1081 Thrasybuli.
392 1008 468 1064 Nam
485 1027 573 1083 quum
597 1009 716 1085 triginta
736 1010 862 1085 tyranni,
886 1011 1031 1086 praepositi
1054 1031 1071 1068 a

164 1101 402 1175 Lacedaemoniis
431 1104 566 1184 servitute
593 1123 743 1179 oppressas
770 1115 902 1163 tenerent
927 1107 1069 1186 Athenas,

162 1196 299 1271 plurimos
313 1197 400 1270 cives,
415 1198 518 1272 quibus
530 1198 559 1254 in
575 1199 649 1256 bello
670 1210 798 1275 parserat
822 1201 944 1273 fortuna,
966 1202 1070 1276 partim

163 1291 256 1364 patrii
283 1292 469 1367 expulissent,
496 1293 600 1368 partim
627 1293 851 1367 interfecissent,
882 1295 1070 1371 plurimorum
1171 1293 1177 1298 ⁷

108 1385 146 1442 10
165 1387 240 1443 bona
251 1387 396 1460 publicata
409 1387 484 1444 inter
498 1407 529 1444 se
543 1388 723 1458 divisissent3
745 1408 803 1446 non
818 1388 910 1447 solum
924 1390 1070 1467 princeps,
1165 1410 1174 1427 ·

164 1481 215 1537 sed
229 1492 258 1539 et
272 1482 348 1538 solus
363 1481 444 1539 initio
459 1483 565 1539 bellum
580 1482 625 1539 his
640 1482 752 1540 indixit.

203 1575 245 1634 ΙΙ.
286 1577 345 1633 Hio
372 1577 450 1634 enim
477 1596 565 1652 quum
584 1577 695 1652 Phylen
720 1578 907 1655 confugisset,
929 1580 1005 1654 quod
1027 1594 1071 1639 est
1155 1568 1177 1657 ,⁰

163 1673 312 1730 castellum
328 1673 357 1729 in
372 1672 471 1730 Attiou
486 1672 720 1744 munitissimum,
735 1692 793 1730 non
817 1672 882 1748 plus
904 1675 1005 1732 habuit
1028 1693 1071 1731 se·

164 1786 241 1839 oum,
256 1765 341 1842 quim
360 1768 478 1842 triginta
499 1769 535 1824 de
557 1768 625 1824 suis.
667 1769 734 1825 Hoe
759 1768 873 1825 initium
897 1768 951 1826 fuit
970 1769 1071 1827 salutis
1145 1776 1152 1789 “

108 1863 144 1919 15
165 1863 349 1930 Aetaeorum;
381 1863 436 1919 hoo
463 1864 548 1918 robur
575 1862 715 1920 libertatis
742 1862 908 1919 clarissimae
936 1863 1069 1922 civitatis.
1159 1874 1167 1883 '

164 1956 267 2030 Neque
281 1954 348 2012 verb
363 1956 411 2012 hio
425 1975 483 2013 non
505 1965 686 2030 contemptus
710 1966 754 2013 est
776 1955 870 2030 primb
891 1975 908 2012 a
929 1960 1069 2032 tyrannis,
1131 2023 1134 2029 ⁴

164 2062 247 2124 atque
270 2050 332 2124 ejus
356 2050 487 2107 solitudo.
528 2049 605 2112 Quae
626 2049 743 2125 quidem
757 2070 803 2107 res
817 2061 846 2108 et
867 2050 923 2108 illis
942 2066 1070 2112 oontem-

164 2144 300 2201 nentibus
315 2143 447 2218 pernicii,
469 2155 499 2202 et
520 2144 589 2201 huie
613 2146 750 2220 despecto
774 2145 868 2219 saluti,
892 2146 953 2204 luit.
995 2151 1070 2208 Haeo

163 2240 241 2296 enim
256 2239 318 2297 illos
342 2239 378 2294 ad
402 2241 632 2314 persequendum
656 2259 771 2316 segnes,
793 2242 846 2298 hos
871 2254 976 2315 autem,
999 2254 1070 2301 tem·

103 2333 144 2391 20
163 2353 231 2409 pore
257 2334 291 2388 ad
317 2334 542 2407 comparandum
569 2335 646 2407 dato,
672 2335 741 2393 feeit
764 2336 946 2395 robustiores.
997 2338 1068 2401 Quo

162 2428 255 2502 magis
265 2439 440 2503 praeoeptum
455 2428 525 2485 illud
544 2429 674 2486 omniurn
696 2431 726 2488 in
752 2432 855 2489 animis
876 2439 940 2489 esse
962 2433 1067 2492 debet:

89 2576 91 2581 .
162 2524 250 2583 Nihil
259 2525 290 2580 in
304 2523 372 2581 bello
386 2532 512 2600 oportere
534 2526 691 2591 contenitur
717 2545 773 2584 nee
795 2527 858 2584 sine
882 2525 970 2584 caussa
994 2527 1067 2586 diei:

162 2619 285 2677 Matrem
299 2618 393 2675 timidi
399 2617 472 2694 flere
485 2639 541 2676 non
555 2621 649 2677 solere.
691 2620 795 2695 Neque
807 2633 905 2679 tamen
915 2640 967 2697 pro
976 2622 1069 2698 opini-

161 2733 216 2772 one
231 2713 407 2788 Thrasybuli
422 2725 513 2771 auetae
538 2700 704 2790 sunt'opes.
746 2715 823 2772 Nam
845 2716 986 2791 jamtum
1012 2718 1068 2776 illis

102 2810 142 2868 25
161 2808 336 2885 temporibus
351 2806 451 2867 fortius
467 2808 534 2866 boni
547 2829 599 2884 pro
611 2809 743 2867 libertate
761 2811 960 2885 loquebantur,
981 2809 1067 2886 quim

160 2906 337 2983 pugnabant.
379 2903 459 2962 Hine
473 2903 503 2960 in
523 2903 648 2962 Piraeum
671 2905 795 2978 transiit,
820 2903 1067 2981 Munychiamque

160 3001 290 3059 munivit.
331 3001 421 3058 Hono
434 2999 478 3057 bis
499 3000 614 3075 tyranni
633 3019 800 3076 oppugnare
814 3013 881 3058 sunt
902 3000 994 3058 adorti
1000 3021 1008 3069 ;
1031 3002 1067 3057 ab

159 3098 250 3171 eique
264 3096 384 3171 turpiter
397 3095 504 3171 repulsi
517 3096 647 3171 protinus
660 3096 691 3151 in
705 3096 816 3166 urbem,
840 3093 926 3151 ermis
947 3093 1066 3167 impedi·

159 3191 320 3264 mentisque
335 3190 457 3262 arnissis,
476 3191 652 3264 refugerunt.
694 3187 772 3244 Usus
795 3197 840 3244 est
854 3185 1065 3260 Thrasybulus

61 3337 64 3342 .
100 3285 141 3343 30
159 3303 217 3341 non
232 3280 328 3339 minus
341 3283 504 3358 prudentii,
519 3281 605 3358 quim
620 3280 794 3339 fortitudine.
835 3280 913 3337 Nam
927 3282 1065 3341 cedentes

159 3377 257 3436 violari
272 3376 361 3434 vetuit
375 3397 382 3448 ;
405 3379 478 3436 ciues
489 3377 568 3435 enim
583 3376 690 3434 ciuibus
699 3395 821 3453 parcere
835 3395 948 3450 aequum
963 3397 1064 3436 oense·

158 3473 225 3540 bat;
247 3490 340 3545 neque
354 3473 504 3547 quisquam
518 3484 562 3531 est
574 3473 749 3546 vulneratus,
769 3472 826 3530 nisi
844 3472 893 3547 qui
915 3472 993 3548 prior
1005 3474 1064 3532 ‘im-

156 3585 286 3644 pugnare
300 3566 404 3637 voluit;
425 3566 573 3625 neminem
583 3567 730 3644 jacentem
752 3580 829 3627 veste
854 3568 1001 3645 spoliarit3
1023 3570 1064 3629 nil
