2392 4132
477 340 762 393 Tunufflocnns.

169 501 324 576 quotannis
338 500 477 572 interiret,
491 500 540 558 ille
552 500 695 577 persuasit
708 501 823 577 populo,
842 511 875 558 ut
895 502 932 560 ed
953 500 1078 577 pecunid
1126 512 1129 517 ·

168 595 270 654 classis
302 607 421 654 centum
450 595 568 653 navium
600 596 799 655 ediliceretur.
840 595 912 658 Qut
946 596 1079 655 celeriter

167 690 283 764 effecti,
301 687 435 767 primum
461 691 631 767 Corcyroeos
658 691 753 768 fregit,
788 690 894 749 deinde
920 690 1079 750 maritimos

167 786 318 861 predones
343 786 541 845 consectando
566 805 646 844 moro
668 797 762 846 tutum
786 786 920 845 reddidit.
962 785 998 843 ln
1022 806 1079 863 quo

127 880 149 939 5
169 892 229 939 tum
242 882 348 941 divitiis
362 883 485 956 ornavit,
498 895 560 941 tum
581 883 669 941 etiam
684 883 873 960 peritissimos
887 882 955 941 belli
968 883 1078 940 navalis

169 977 239 1034 fecit
265 976 470 1037 Athenienses.
511 978 547 1036 Id
568 989 682 1054 quantae
712 979 798 1037 saluti
825 979 911 1036 fuerit
937 978 1078 1036 universae

168 1071 300 1146 Graecioe‚
315 1074 390 1132 bello
413 1073 562 1151 cognitum
585 1084 631 1132 est
653 1073 781 1147 Persico,
802 1093 891 1150 quum
913 1073 1027 1131 Xerxes
1048 1085 1079 1132 et

169 1165 242 1223 mari
256 1179 286 1226 et
298 1169 375 1227 terri
390 1158 498 1226 bellum
511 1167 653 1226 universe
667 1167 786 1227 inferret
799 1167 923 1244 Europae
937 1186 1005 1225 cum
1016 1179 1078 1226 tan·

169 1261 206 1319 tis
217 1262 317 1338 copiis,
329 1273 451 1338 quantos
465 1282 560 1339 neque
571 1273 657 1322 antea
670 1281 764 1338 neque
778 1274 878 1339 posteo
889 1263 990 1321 hebuit
1003 1261 1079 1338 quis·

115 1357 150 1414 10
169 1375 264 1432 quam.
306 1358 403 1434 Hujus
414 1357 491 1416 enim
504 1359 605 1416 classis
618 1359 697 1417 mille
710 1370 740 1418 et
753 1350 944 1416 ducentarum
961 1358 1078 1415 navium

168 1451 320 1527 longorum
327 1453 390 1526 fuit,
400 1472 485 1528 quom
495 1455 553 1513 duo
561 1453 652 1512 millia
661 1455 856 1512 onerariarum
868 1455 1077 1529 sequebantur3

169 1557 318 1605 terrestres
332 1560 428 1606 eutem
442 1549 587 1609 exercitus
601 1549 848 1626 septingentorum
862 1549 984 1608 millium
999 1548 1079 1625 pedi·

170 1653 242 1716 tum,
253 1643 382 1718 equitum
396 1645 673 1722 quadringentorum
684 1644 806 1705 millium
820 1647 944 1703 fuerunt.
986 1644 1079 1719 Cujus

169 1738 206 1795 de
216 1739 340 1797 adventu
349 1760 437 1815 quum
449 1742 527 1799 fama
535 1741 564 1799 in
574 1741 718 1800 Graeciam
729 1753 805 1800 esset
818 1725 937 1818 pssrleta,
951 1751 980 1798 et
991 1739 1079 1797 maxi-

112 1831 150 1889 15
169 1830 217 1891 md
226 1833 784 1912 Atheniensespetidicerenturpr'opter
794 1854 922 1911 pugnam
933 1835 1080 1894 Maratho-

170 1927 266 1997 niam3
287 1928 429 1986 miserunt
442 1928 571 2004 Delphos
592 1930 767 2001 consultum,
788 1929 925 2003 quidnam
950 1931 1080 1989 facerent

169 2022 207 2080 de
233 2023 319 2080 rebus
343 2022 412 2080 suis.
461 2022 697 2082 Deliberantibus
731 2022 836 2099 Pythie
862 2024 1019 2098 respondit,
1048 2036 1080 2082 ut
1161 2016 1168 2027 ’

169 2117 313 2175 moenibus
327 2117 432 2195 ligneis
453 2137 485 2177 se
505 2118 660 2177 munirent.
704 2117 739 2175 Id
750 2137 919 2194 responsum
933 2114 990 2194 qud
1005 2119 1080 2176 vole·

170 2225 215 2273 ret
241 2232 330 2289 quum
357 2212 532 2290 intelligeret
557 2232 653 2286 nemo,
686 2206 901 2271 Themistocles
926 2212 1079 2291 persuasit,

109 2308 150 2368 20
170 2308 323 2367 consilium
336 2326 401 2365 esse
415 2307 570 2384 Apollinis,
584 2307 659 2365 utin
673 2326 762 2365 noves
783 2326 815 2365 se
836 2325 945 2382 sueque
969 2309 1080 2367 confer-

169 2413 250 2471 rent3
281 2419 360 2458 eum·
374 2399 453 2458 enim
480 2418 498 2457 a
524 2400 579 2460 deo
605 2400 763 2477 significari
799 2421 913 2460 murum
940 2402 1078 2479 ligneum.

169 2495 239 2555 Tali
263 2495 385 2554 consilio
411 2495 541 2571 probato,
569 2496 679 2556 addunt
707 2497 744 2554 ad
772 2498 933 2574 superiores
960 2498 1079 2556 totidem

169 2611 258 2649 neves
283 2589 424 2663 triremes,
452 2609 561 2666 suoque
587 2590 686 2648 omnia
712 2610 775 2666 quae
802 2591 910 2651 moveri
936 2603 1079 2667 poterant,

41 2738 45 2745 .
121 2761 125 2765 ἡ
169 2685 272 2762 purtim
300 2684 449 2742 Salamine
475 2684 580 2761 partim
607 2685 756 2744 Troezeno
787 2697 951 2762 asportent3
982 2705 1079 2744 urcem

109 2780 150 2839 25
170 2778 368 2839 sacerdotibus
380 2778 537 2855 paucisque
551 2779 708 2856 majoribus
722 2792 803 2854 natu,
818 2799 853 2838 nc
875 2800 958 2839 sacra
978 2801 1080 2859 procu-

170 2875 262 2933 randa
274 2872 393 2932 trudunt
404 2893 411 2944 3
433 2873 574 2950 reliquum
585 2874 722 2951 oppidum
736 2876 911 2953 relinquunt.

209 2967 268 3026 Ill.
320 2967 418 3044 Hujus
448 2969 603 3028 consilium
623 2971 766 3048 plerisque
793 2972 958 3031 civitatibus
982 2971 1079 3047 displi-

170 3064 266 3136 cebat,
280 3075 310 3122 et
324 3063 354 3121 in
368 3064 446 3123 terri
459 3064 592 3123 dimicari
602 3067 695 3142 megis
703 3067 845 3143 placebat.
886 3066 988 3141 Itaque
999 3064 1077 3121 missi

171 3168 239 3216 sunt
249 3158 355 3214 delecti
369 3176 437 3214 cum
457 3157 598 3230 Leonidi,
618 3158 906 3217 uaoedaemonioruin
927 3178 1006 3234 rege,
1029 3162 1075 3233 qui

111 3254 152 3313 80
171 3251 383 3326 Thermopylas
395 3262 582 3325 occuparent,
603 3250 775 3327 longiusque
794 3252 929 3310 barbaros
942 3252 1078 3327 progredi

171 3366 230 3406 non
257 3356 432 3423 paterentur.
486 3345 526 3425 lli
552 3345 610 3402 uim
638 3346 762 3404 hostium
790 3365 848 3404 non
869 3347 1077 3418 sustinuerunt,

170 3461 262 3516 eoque
283 3442 348 3498 loco
373 3458 475 3499 omnes
502 3440 681 3499 interierunt.
724 3442 765 3499 At
791 3440 893 3499 classis
916 3441 1078 3499 communis

169 3536 291 3597 Graeoim
318 3545 512 3596 trecentarum
539 3534 666 3609 navium,
694 3534 724 3593 in
750 3535 809 3612 qut
836 3536 969 3594 ducente
996 3551 1079 3598 erant
