<?xml version="1.0" encoding="UTF-8"?>
<!DOCTYPE html PUBLIC "-//W3C//DTD XHTML 1.0 Transitional//EN"
    "http://www.w3.org/TR/xhtml1/DTD/xhtml1-transitional.dtd">
<html xmlns="http://www.w3.org/1999/xhtml" xml:lang="en" lang="en">
 <head>
  <title>
</title>
<meta http-equiv="Content-Type" content="text/html;charset=utf-8" />
  <meta name='ocr-system' content='tesseract 3.04.00' />
  <meta name='ocr-capabilities' content='ocr_page ocr_carea ocr_par ocr_line ocrx_word'/>
</head>
<body>
  <div class='ocr_page' id='page_1' title='image "./devitaexcellent00nepogoog_0077.png"; bbox 0 0 2392 4132; ppageno 0'>
   <div class='ocr_carea' id='block_1_1' title="bbox 108 347 756 403">
    <p class='ocr_par' dir='ltr' id='par_1_1' title="bbox 108 347 756 403">
     <span class='ocr_line' id='line_1_1' title="bbox 108 347 756 403; baseline -0.005 0"><span class='ocrx_word' id='word_1_1' title='bbox 108 347 150 403; x_wconf 78' lang='lat' dir='ltr'><strong>dd</strong></span> <span class='ocrx_word' id='word_1_2' title='bbox 490 350 756 401; x_wconf 79' lang='lat' dir='ltr'><strong>EPAMINONDAS.</strong></span> 
     </span>
    </p>
   </div>
   <div class='ocr_carea' id='block_1_2' title="bbox 60 508 1084 2957">
    <p class='ocr_par' dir='ltr' id='par_1_2' title="bbox 60 508 1084 2957">
     <span class='ocr_line' id='line_1_2' title="bbox 169 508 1079 587; baseline 0.003 -19"><span class='ocrx_word' id='word_1_3' title='bbox 169 511 271 587; x_wconf 91' lang='lat' dir='ltr'><strong>inquit,</strong></span> <span class='ocrx_word' id='word_1_4' title='bbox 285 509 456 582; x_wconf 85' lang='lat' dir='ltr'><strong>Meneclido,</strong></span> <span class='ocrx_word' id='word_1_5' title='bbox 471 510 504 567; x_wconf 87' lang='lat' dir='ltr'><strong>de</strong></span> <span class='ocrx_word' id='word_1_6' title='bbox 517 530 603 567; x_wconf 81' lang='lat' dir='ltr'><strong>orere</strong></span> <span class='ocrx_word' id='word_1_7' title='bbox 625 511 695 566; x_wconf 80' lang='lat' dir='ltr'><strong>milri</strong></span> <span class='ocrx_word' id='word_1_8' title='bbox 704 508 907 585; x_wconf 61' lang='lat' dir='ltr'><strong>‘exprobrares</strong></span> <span class='ocrx_word' id='word_1_9' title='bbox 926 529 992 568; x_wconf 84' lang='lat' dir='ltr'><strong>nom</strong></span> <span class='ocrx_word' id='word_1_10' title='bbox 1016 512 1079 571; x_wconf 82' lang='lat' dir='ltr'><strong>nul·</strong></span> 
     </span>
     <span class='ocr_line' id='line_1_3' title="bbox 168 603 1076 666; baseline 0.002 -3"><span class='ocrx_word' id='word_1_11' title='bbox 168 609 224 664; x_wconf 82' lang='lat' dir='ltr'><strong>lius</strong></span> <span class='ocrx_word' id='word_1_12' title='bbox 238 609 269 663; x_wconf 83' lang='lat' dir='ltr'><strong>in</strong></span> <span class='ocrx_word' id='word_1_13' title='bbox 282 604 342 662; x_wconf 82' lang='lat' dir='ltr'><strong>istd</strong></span> <span class='ocrx_word' id='word_1_14' title='bbox 356 626 385 662; x_wconf 91' lang='lat' dir='ltr'><strong>re</strong></span> <span class='ocrx_word' id='word_1_15' title='bbox 407 603 500 662; x_wconf 69' lang='lat' dir='ltr'><strong>mimis</strong></span> <span class='ocrx_word' id='word_1_16' title='bbox 522 606 567 661; x_wconf 81' lang='lat' dir='ltr'><strong>uti</strong></span> <span class='ocrx_word' id='word_1_17' title='bbox 588 605 705 661; x_wconf 83' lang='lat' dir='ltr'><strong>consilio</strong></span> <span class='ocrx_word' id='word_1_18' title='bbox 728 605 798 661; x_wconf 85' lang='lat' dir='ltr'><strong>volo.</strong></span> <span class='ocrx_word' id='word_1_19' title='bbox 840 604 977 663; x_wconf 80' lang='lat' dir='ltr'><strong>Habebat</strong></span> <span class='ocrx_word' id='word_1_20' title='bbox 995 608 1076 666; x_wconf 88' lang='lat' dir='ltr'><strong>enim</strong></span> 
     </span>
     <span class='ocr_line' id='line_1_4' title="bbox 170 696 1078 775; baseline 0.003 -18"><span class='ocrx_word' id='word_1_21' title='bbox 170 700 351 757; x_wconf 78' lang='lat' dir='ltr'><strong>Meneclides</strong></span> <span class='ocrx_word' id='word_1_22' title='bbox 378 699 572 775; x_wconf 79' lang='lat' dir='ltr'>suspicionem</span> <span class='ocrx_word' id='word_1_23' title='bbox 600 698 742 757; x_wconf 88' lang='lat' dir='ltr'><strong>adulterii.</strong></span> <span class='ocrx_word' id='word_1_24' title='bbox 801 696 892 766; x_wconf 74' lang='lat' dir='ltr'><strong>Quod</strong></span> <span class='ocrx_word' id='word_1_25' title='bbox 916 709 1009 758; x_wconf 82' lang='lat' dir='ltr'><strong>aetem</strong></span> <span class='ocrx_word' id='word_1_26' title='bbox 1037 722 1078 760; x_wconf 80' lang='lat' dir='ltr'><strong>me</strong></span> 
     </span>
     <span class='ocr_line' id='line_1_5' title="bbox 168 791 1079 869; baseline 0.003 -17"><span class='ocrx_word' id='word_1_27' title='bbox 168 796 404 869; x_wconf 78' lang='lat' dir='ltr'><em>Agamemnonem</em></span> <span class='ocrx_word' id='word_1_28' title='bbox 431 794 560 851; x_wconf 71' lang='lat' dir='ltr'><strong>aemulari</strong></span> <span class='ocrx_word' id='word_1_29' title='bbox 580 802 682 869; x_wconf 81' lang='lat' dir='ltr'><strong>potos,</strong></span> <span class='ocrx_word' id='word_1_30' title='bbox 700 791 830 868; x_wconf 80' lang='lat' dir='ltr'><strong>falleris.</strong></span> <span class='ocrx_word' id='word_1_31' title='bbox 871 793 1004 868; x_wconf 79' lang='lat' dir='ltr'><strong>Namque</strong></span> <span class='ocrx_word' id='word_1_32' title='bbox 1031 797 1079 855; x_wconf 77' lang='lat' dir='ltr'><strong>ills</strong></span> 
     </span>
     <span class='ocr_line' id='line_1_6' title="bbox 129 887 1078 965; baseline 0 -18"><span class='ocrx_word' id='word_1_33' title='bbox 129 891 149 947; x_wconf 84' lang='lat'>5</span> <span class='ocrx_word' id='word_1_34' title='bbox 169 911 229 948; x_wconf 82' lang='lat' dir='ltr'><strong>enm</strong></span> <span class='ocrx_word' id='word_1_35' title='bbox 242 889 376 948; x_wconf 73' lang='lat' dir='ltr'><strong>univer-sd</strong></span> <span class='ocrx_word' id='word_1_36' title='bbox 393 887 512 946; x_wconf 79' lang='lat' dir='ltr'><strong>Groeeid</strong></span> <span class='ocrx_word' id='word_1_37' title='bbox 525 890 573 946; x_wconf 78' lang='lat' dir='ltr'><strong>vic</strong></span> <span class='ocrx_word' id='word_1_38' title='bbox 586 888 676 945; x_wconf 87' lang='lat' dir='ltr'><strong>decem</strong></span> <span class='ocrx_word' id='word_1_39' title='bbox 686 889 770 944; x_wconf 86' lang='lat' dir='ltr'><strong>annis</strong></span> <span class='ocrx_word' id='word_1_40' title='bbox 781 907 864 945; x_wconf 83' lang='lat' dir='ltr'><strong>unam</strong></span> <span class='ocrx_word' id='word_1_41' title='bbox 876 890 951 965; x_wconf 84' lang='lat' dir='ltr'><strong>cepit</strong></span> <span class='ocrx_word' id='word_1_42' title='bbox 961 890 1078 956; x_wconf 81' lang='lat' dir='ltr'><strong>urbem,-</strong></span> 
     </span>
     <span class='ocr_line' id='line_1_7' title="bbox 168 981 1078 1059; baseline 0.002 -18"><span class='ocrx_word' id='word_1_43' title='bbox 168 1004 220 1059; x_wconf 80' lang='lat' dir='ltr'><strong>ego</strong></span> <span class='ocrx_word' id='word_1_44' title='bbox 234 983 334 1041; x_wconf 84' lang='lat' dir='ltr'><strong>eontrd</strong></span> <span class='ocrx_word' id='word_1_45' title='bbox 348 1004 380 1041; x_wconf 81' lang='lat' dir='ltr'><strong>er</strong></span> <span class='ocrx_word' id='word_1_46' title='bbox 395 982 454 1040; x_wconf 80' lang='lat' dir='ltr'><strong>und</strong></span> <span class='ocrx_word' id='word_1_47' title='bbox 477 984 545 1041; x_wconf 82' lang='lat' dir='ltr'><strong>urbe</strong></span> <span class='ocrx_word' id='word_1_48' title='bbox 565 981 666 1039; x_wconf 81' lang='lat' dir='ltr'><strong>nostrd</strong></span> <span class='ocrx_word' id='word_1_49' title='bbox 684 983 783 1058; x_wconf 78' lang='lat' dir='ltr'><strong>dieque</strong></span> <span class='ocrx_word' id='word_1_50' title='bbox 805 1003 862 1041; x_wconf 78' lang='lat' dir='ltr'><strong>uno</strong></span> <span class='ocrx_word' id='word_1_51' title='bbox 882 992 972 1041; x_wconf 83' lang='lat' dir='ltr'><strong>totam</strong></span> <span class='ocrx_word' id='word_1_52' title='bbox 995 985 1078 1043; x_wconf 76' lang='lat' dir='ltr'><strong>Gro-</strong></span> 
     </span>
     <span class='ocr_line' id='line_1_8' title="bbox 169 1077 774 1155; baseline -0.002 -19"><span class='ocrx_word' id='word_1_53' title='bbox 169 1081 252 1152; x_wconf 85' lang='lat' dir='ltr'><strong>cinm,</strong></span> <span class='ocrx_word' id='word_1_54' title='bbox 267 1077 631 1155; x_wconf 78' lang='lat' dir='ltr'><strong>Laeedemoniissegatis,</strong></span> <span class='ocrx_word' id='word_1_55' title='bbox 646 1077 774 1135; x_wconf 82' lang='lat' dir='ltr'><strong><em>liberavi.</em></strong></span> 
     </span>
     <span class='ocr_line' id='line_1_9' title="bbox 208 1172 1077 1249; baseline -0.001 -18"><span class='ocrx_word' id='word_1_56' title='bbox 208 1174 262 1232; x_wconf 88' lang='lat' dir='ltr'><strong>VI.</strong></span> <span class='ocrx_word' id='word_1_57' title='bbox 303 1175 386 1231; x_wconf 86' lang='lat' dir='ltr'><strong>Idem</strong></span> <span class='ocrx_word' id='word_1_58' title='bbox 400 1193 487 1249; x_wconf 93' lang='lat' dir='ltr'><strong>quum</strong></span> <span class='ocrx_word' id='word_1_59' title='bbox 515 1173 545 1230; x_wconf 91' lang='lat' dir='ltr'><strong>in</strong></span> <span class='ocrx_word' id='word_1_60' title='bbox 569 1184 744 1230; x_wconf 85' lang='lat' dir='ltr'><strong>conventum</strong></span> <span class='ocrx_word' id='word_1_61' title='bbox 767 1172 893 1231; x_wconf 86' lang='lat' dir='ltr'><strong>venisset</strong></span> <span class='ocrx_word' id='word_1_62' title='bbox 916 1174 1077 1248; x_wconf 78' lang='lat' dir='ltr'><strong>Arcadum,</strong></span> 
     </span>
     <span class='ocr_line' id='line_1_10' title="bbox 168 1267 1078 1345; baseline 0.001 -18"><span class='ocrx_word' id='word_1_63' title='bbox 168 1281 270 1345; x_wconf 89' lang='lat' dir='ltr'><strong>petens</strong></span> <span class='ocrx_word' id='word_1_64' title='bbox 284 1282 316 1328; x_wconf 85' lang='lat' dir='ltr'><strong>ut</strong></span> <span class='ocrx_word' id='word_1_65' title='bbox 329 1269 496 1326; x_wconf 88' lang='lat' dir='ltr'><strong>societatem</strong></span> <span class='ocrx_word' id='word_1_66' title='bbox 510 1288 577 1325; x_wconf 92' lang='lat' dir='ltr'><strong>cum</strong></span> <span class='ocrx_word' id='word_1_67' title='bbox 591 1267 743 1325; x_wconf 84' lang='lat' dir='ltr'><strong>Thebanis</strong></span> <span class='ocrx_word' id='word_1_68' title='bbox 756 1279 786 1326; x_wconf 91' lang='lat' dir='ltr'><strong>et</strong></span> <span class='ocrx_word' id='word_1_69' title='bbox 800 1268 917 1343; x_wconf 83' lang='lat' dir='ltr'><strong>Argivis</strong></span> <span class='ocrx_word' id='word_1_70' title='bbox 937 1270 1078 1341; x_wconf 85' lang='lat' dir='ltr'><strong>facerent,</strong></span> 
     </span>
     <span class='ocr_line' id='line_1_11' title="bbox 115 1346 1079 1441; baseline -0.003 -15"><span class='ocrx_word' id='word_1_71' title='bbox 115 1368 151 1426; x_wconf 87' lang='lat'><strong>10</strong></span> <span class='ocrx_word' id='word_1_72' title='bbox 171 1363 327 1441; x_wconf 81' lang='lat' dir='ltr'><strong>contrdque</strong></span> <span class='ocrx_word' id='word_1_73' title='bbox 342 1365 535 1436; x_wconf 81' lang='lat' dir='ltr'><strong>Callistratus,</strong></span> <span class='ocrx_word' id='word_1_74' title='bbox 560 1346 785 1421; x_wconf 83' lang='lat' dir='ltr'><strong>Atheniensium</strong></span> <span class='ocrx_word' id='word_1_75' title='bbox 806 1364 929 1439; x_wconf 86' lang='lat' dir='ltr'><strong>legatus,</strong></span> <span class='ocrx_word' id='word_1_76' title='bbox 950 1364 1000 1440; x_wconf 90' lang='lat' dir='ltr'><strong>qui</strong></span> <span class='ocrx_word' id='word_1_77' title='bbox 1020 1366 1079 1423; x_wconf 87' lang='lat' dir='ltr'><strong>elo·</strong></span> 
     </span>
     <span class='ocr_line' id='line_1_12' title="bbox 169 1459 1079 1535; baseline 0.002 -19"><span class='ocrx_word' id='word_1_78' title='bbox 169 1459 287 1535; x_wconf 74' lang='lat' dir='ltr'><strong>quentia</strong></span> <span class='ocrx_word' id='word_1_79' title='bbox 314 1478 415 1517; x_wconf 92' lang='lat' dir='ltr'><strong>omnes</strong></span> <span class='ocrx_word' id='word_1_80' title='bbox 441 1479 476 1517; x_wconf 88' lang='lat' dir='ltr'><strong>eo</strong></span> <span class='ocrx_word' id='word_1_81' title='bbox 499 1459 654 1535; x_wconf 85' lang='lat' dir='ltr'><strong>praestabat</strong></span> <span class='ocrx_word' id='word_1_82' title='bbox 687 1469 825 1534; x_wconf 89' lang='lat' dir='ltr'><strong>ternpore,</strong></span> <span class='ocrx_word' id='word_1_83' title='bbox 851 1459 1019 1534; x_wconf 88' lang='lat' dir='ltr'><strong>postularet,</strong></span> <span class='ocrx_word' id='word_1_84' title='bbox 1046 1470 1079 1518; x_wconf 89' lang='lat' dir='ltr'><strong>ut</strong></span> 
     </span>
     <span class='ocr_line' id='line_1_13' title="bbox 168 1552 1078 1632; baseline -0.002 -18"><span class='ocrx_word' id='word_1_85' title='bbox 168 1553 264 1632; x_wconf 77' lang='lat' dir='ltr'><strong>potiris</strong></span> <span class='ocrx_word' id='word_1_86' title='bbox 278 1555 435 1612; x_wconf 80' lang='lat' dir='ltr'><strong>amicitiam</strong></span> <span class='ocrx_word' id='word_1_87' title='bbox 459 1565 646 1630; x_wconf 86' lang='lat' dir='ltr'><strong>sequerentur</strong></span> <span class='ocrx_word' id='word_1_88' title='bbox 670 1552 845 1626; x_wconf 85' lang='lat' dir='ltr'><strong>Atticorum,</strong></span> <span class='ocrx_word' id='word_1_89' title='bbox 859 1563 889 1610; x_wconf 90' lang='lat' dir='ltr'><strong>et</strong></span> <span class='ocrx_word' id='word_1_90' title='bbox 903 1552 933 1609; x_wconf 91' lang='lat' dir='ltr'><strong>in</strong></span> <span class='ocrx_word' id='word_1_91' title='bbox 946 1554 1078 1612; x_wconf 87' lang='lat' dir='ltr'><strong>oratione</strong></span> 
     </span>
     <span class='ocr_line' id='line_1_14' title="bbox 169 1647 1078 1724; baseline 0 -17"><span class='ocrx_word' id='word_1_92' title='bbox 169 1652 223 1707; x_wconf 79' lang='lat' dir='ltr'><strong>sula</strong></span> <span class='ocrx_word' id='word_1_93' title='bbox 237 1651 326 1707; x_wconf 89' lang='lat' dir='ltr'><strong>multa</strong></span> <span class='ocrx_word' id='word_1_94' title='bbox 345 1649 476 1707; x_wconf 90' lang='lat' dir='ltr'><strong>invectus</strong></span> <span class='ocrx_word' id='word_1_95' title='bbox 500 1662 576 1708; x_wconf 89' lang='lat' dir='ltr'><strong>esset</strong></span> <span class='ocrx_word' id='word_1_96' title='bbox 600 1649 629 1705; x_wconf 91' lang='lat' dir='ltr'><strong>in</strong></span> <span class='ocrx_word' id='word_1_97' title='bbox 655 1648 815 1706; x_wconf 84' lang='lat' dir='ltr'><strong>Thebanos</strong></span> <span class='ocrx_word' id='word_1_98' title='bbox 838 1659 867 1706; x_wconf 90' lang='lat' dir='ltr'><strong>et</strong></span> <span class='ocrx_word' id='word_1_99' title='bbox 891 1647 1026 1724; x_wconf 84' lang='lat' dir='ltr'><strong>Argivos,</strong></span> <span class='ocrx_word' id='word_1_100' title='bbox 1047 1649 1078 1707; x_wconf 88' lang='lat' dir='ltr'><strong>in</strong></span> 
     </span>
     <span class='ocr_line' id='line_1_15' title="bbox 60 1742 1078 1821; baseline 0.002 -20"><span class='ocrx_word' id='word_1_101' title='bbox 60 1784 63 1789; x_wconf 57' lang='lat'>&gt;</span> <span class='ocrx_word' id='word_1_102' title='bbox 170 1745 269 1819; x_wconf 88' lang='lat' dir='ltr'><strong>eisque</strong></span> <span class='ocrx_word' id='word_1_103' title='bbox 294 1746 349 1802; x_wconf 93' lang='lat' dir='ltr'><strong>hoc</strong></span> <span class='ocrx_word' id='word_1_104' title='bbox 372 1744 531 1821; x_wconf 89' lang='lat' dir='ltr'><strong>posuisset;</strong></span> <span class='ocrx_word' id='word_1_105' title='bbox 563 1743 787 1801; x_wconf 84' lang='lat' dir='ltr'><strong>animaduertere</strong></span> <span class='ocrx_word' id='word_1_106' title='bbox 810 1742 906 1800; x_wconf 82' lang='lat' dir='ltr'><strong>debere</strong></span> <span class='ocrx_word' id='word_1_107' title='bbox 930 1743 1078 1819; x_wconf 81' lang='lat' dir='ltr'><strong>Arcadas,</strong></span> 
     </span>
     <span class='ocr_line' id='line_1_16' title="bbox 114 1836 1080 1915; baseline 0 -18"><span class='ocrx_word' id='word_1_108' title='bbox 114 1841 151 1897; x_wconf 85' lang='lat'><strong>15</strong></span> <span class='ocrx_word' id='word_1_109' title='bbox 171 1841 267 1915; x_wconf 80' lang='lat' dir='ltr'><strong>quales</strong></span> <span class='ocrx_word' id='word_1_110' title='bbox 291 1849 412 1914; x_wconf 81' lang='lat' dir='ltr'><strong>utraque</strong></span> <span class='ocrx_word' id='word_1_111' title='bbox 431 1840 534 1896; x_wconf 80' lang='lat' dir='ltr'><strong>civitas</strong></span> <span class='ocrx_word' id='word_1_112' title='bbox 559 1840 634 1895; x_wconf 80' lang='lat' dir='ltr'><strong>cloes</strong></span> <span class='ocrx_word' id='word_1_113' title='bbox 652 1836 843 1914; x_wconf 79' lang='lat' dir='ltr'><strong>procredsset,</strong></span> <span class='ocrx_word' id='word_1_114' title='bbox 865 1838 1022 1913; x_wconf 74' lang='lat' dir='ltr'><strong>exquibus</strong></span> <span class='ocrx_word' id='word_1_115' title='bbox 1045 1838 1080 1897; x_wconf 80' lang='lat' dir='ltr'><strong>dc</strong></span> 
     </span>
     <span class='ocr_line' id='line_1_17' title="bbox 171 1931 1080 2009; baseline 0.001 -18"><span class='ocrx_word' id='word_1_116' title='bbox 171 1934 280 1991; x_wconf 73' lang='lat' dir='ltr'><strong>certeris</strong></span> <span class='ocrx_word' id='word_1_117' title='bbox 292 1932 556 2009; x_wconf 79' lang='lat' dir='ltr'><strong>possentjrdieore.</strong></span> <span class='ocrx_word' id='word_1_118' title='bbox 597 1932 728 2007; x_wconf 83' lang='lat' dir='ltr'><strong>Argivos</strong></span> <span class='ocrx_word' id='word_1_119' title='bbox 746 1933 819 1990; x_wconf 84' lang='lat' dir='ltr'><strong>enim</strong></span> <span class='ocrx_word' id='word_1_120' title='bbox 828 1931 927 2008; x_wconf 81' lang='lat' dir='ltr'><strong>fuisse</strong></span> <span class='ocrx_word' id='word_1_121' title='bbox 951 1933 1080 1992; x_wconf 75' lang='lat' dir='ltr'><strong>Orestem</strong></span> 
     </span>
     <span class='ocr_line' id='line_1_18' title="bbox 170 2028 1079 2104; baseline 0.001 -18"><span class='ocrx_word' id='word_1_122' title='bbox 170 2037 197 2086; x_wconf 89' lang='lat' dir='ltr'><strong>et</strong></span> <span class='ocrx_word' id='word_1_123' title='bbox 224 2028 419 2101; x_wconf 83' lang='lat' dir='ltr'><strong>Alemaeonem,</strong></span> <span class='ocrx_word' id='word_1_124' title='bbox 444 2029 637 2092; x_wconf 74' lang='lat' dir='ltr'><strong>matricidasr</strong></span> <span class='ocrx_word' id='word_1_125' title='bbox 672 2028 776 2087; x_wconf 79' lang='lat' dir='ltr'><strong>Tlrebis</strong></span> <span class='ocrx_word' id='word_1_126' title='bbox 806 2028 949 2104; x_wconf 80' lang='lat' dir='ltr'><strong>OEdipum</strong></span> <span class='ocrx_word' id='word_1_127' title='bbox 970 2039 1079 2103; x_wconf 76' lang='lat' dir='ltr'><strong>natum,</strong></span> 
     </span>
     <span class='ocr_line' id='line_1_19' title="bbox 171 2121 1080 2199; baseline 0.003 -21"><span class='ocrx_word' id='word_1_128' title='bbox 171 2124 230 2199; x_wconf 80' lang='lat' dir='ltr'><strong>qui,</strong></span> <span class='ocrx_word' id='word_1_129' title='bbox 253 2142 337 2198; x_wconf 80' lang='lat' dir='ltr'><strong>quum</strong></span> <span class='ocrx_word' id='word_1_130' title='bbox 352 2132 467 2199; x_wconf 82' lang='lat' dir='ltr'><strong>patrem</strong></span> <span class='ocrx_word' id='word_1_131' title='bbox 490 2143 570 2181; x_wconf 81' lang='lat' dir='ltr'><strong>suum</strong></span> <span class='ocrx_word' id='word_1_132' title='bbox 595 2121 795 2198; x_wconf 79' lang='lat' dir='ltr'><strong>interfecisset,</strong></span> <span class='ocrx_word' id='word_1_133' title='bbox 814 2143 846 2180; x_wconf 78' lang='lat' dir='ltr'><strong>ec</strong></span> <span class='ocrx_word' id='word_1_134' title='bbox 867 2132 957 2181; x_wconf 80' lang='lat' dir='ltr'><strong>matre</strong></span> <span class='ocrx_word' id='word_1_135' title='bbox 978 2125 1080 2183; x_wconf 81' lang='lat' dir='ltr'><strong>liberm</strong></span> 
     </span>
     <span class='ocr_line' id='line_1_20' title="bbox 165 2216 1080 2294; baseline 0.007 -22"><span class='ocrx_word' id='word_1_136' title='bbox 165 2216 355 2293; x_wconf 79' lang='lat' dir='ltr'><strong>proeredsset.</strong></span> <span class='ocrx_word' id='word_1_137' title='bbox 396 2217 456 2275; x_wconf 85' lang='lat' dir='ltr'><strong>Hic</strong></span> <span class='ocrx_word' id='word_1_138' title='bbox 479 2218 508 2275; x_wconf 93' lang='lat' dir='ltr'><strong>in</strong></span> <span class='ocrx_word' id='word_1_139' title='bbox 519 2219 720 2294; x_wconf 90' lang='lat' dir='ltr'><strong>respondendo</strong></span> <span class='ocrx_word' id='word_1_140' title='bbox 741 2217 969 2293; x_wconf 86' lang='lat' dir='ltr'><strong>Epaminondas,</strong></span> <span class='ocrx_word' id='word_1_141' title='bbox 991 2238 1080 2294; x_wconf 91' lang='lat' dir='ltr'><strong>quum</strong></span> 
     </span>
     <span class='ocr_line' id='line_1_21' title="bbox 112 2310 1082 2389; baseline 0.002 -20"><span class='ocrx_word' id='word_1_142' title='bbox 112 2313 153 2369; x_wconf 74' lang='lat'><strong>20</strong></span> <span class='ocrx_word' id='word_1_143' title='bbox 172 2313 209 2369; x_wconf 91' lang='lat' dir='ltr'><strong>de</strong></span> <span class='ocrx_word' id='word_1_144' title='bbox 223 2312 336 2369; x_wconf 76' lang='lat' dir='ltr'><strong>ceteris</strong></span> <span class='ocrx_word' id='word_1_145' title='bbox 349 2312 521 2387; x_wconf 71' lang='lat' dir='ltr'><strong>perorasset,</strong></span> <span class='ocrx_word' id='word_1_146' title='bbox 544 2324 695 2388; x_wconf 88' lang='lat' dir='ltr'><strong>postquam</strong></span> <span class='ocrx_word' id='word_1_147' title='bbox 717 2313 754 2370; x_wconf 86' lang='lat' dir='ltr'><strong>ad</strong></span> <span class='ocrx_word' id='word_1_148' title='bbox 775 2312 824 2369; x_wconf 90' lang='lat' dir='ltr'><strong>illa</strong></span> <span class='ocrx_word' id='word_1_149' title='bbox 845 2312 904 2370; x_wconf 90' lang='lat' dir='ltr'><strong>duo</strong></span> <span class='ocrx_word' id='word_1_150' title='bbox 928 2310 1082 2389; x_wconf 88' lang='lat' dir='ltr'><strong>opprobria</strong></span> 
     </span>
     <span class='ocr_line' id='line_1_22' title="bbox 170 2405 1082 2485; baseline 0.003 -23"><span class='ocrx_word' id='word_1_151' title='bbox 170 2406 310 2480; x_wconf 83' lang='lat' dir='ltr'><strong>pervenit,</strong></span> <span class='ocrx_word' id='word_1_152' title='bbox 325 2405 467 2463; x_wconf 82' lang='lat' dir='ltr'><strong>admirari</strong></span> <span class='ocrx_word' id='word_1_153' title='bbox 480 2426 508 2465; x_wconf 87' lang='lat' dir='ltr'><strong>se</strong></span> <span class='ocrx_word' id='word_1_154' title='bbox 522 2406 595 2464; x_wconf 91' lang='lat' dir='ltr'><strong>dixit</strong></span> <span class='ocrx_word' id='word_1_155' title='bbox 608 2408 760 2464; x_wconf 77' lang='lat' dir='ltr'><strong>stultitiam</strong></span> <span class='ocrx_word' id='word_1_156' title='bbox 774 2407 895 2465; x_wconf 71' lang='lat' dir='ltr'><strong>rhetoris</strong></span> <span class='ocrx_word' id='word_1_157' title='bbox 910 2407 1017 2481; x_wconf 82' lang='lat' dir='ltr'><strong>Attici,</strong></span> <span class='ocrx_word' id='word_1_158' title='bbox 1031 2409 1082 2485; x_wconf 78' lang='lat' dir='ltr'><strong>qai</strong></span> 
     </span>
     <span class='ocr_line' id='line_1_23' title="bbox 172 2501 1082 2574; baseline 0.004 -17"><span class='ocrx_word' id='word_1_159' title='bbox 172 2520 228 2558; x_wconf 85' lang='lat' dir='ltr'><strong>non</strong></span> <span class='ocrx_word' id='word_1_160' title='bbox 239 2501 481 2574; x_wconf 80' lang='lat' dir='ltr'><strong>animadverterit,</strong></span> <span class='ocrx_word' id='word_1_161' title='bbox 496 2503 656 2560; x_wconf 83' lang='lat' dir='ltr'><strong>innoeentes</strong></span> <span class='ocrx_word' id='word_1_162' title='bbox 677 2503 741 2559; x_wconf 81' lang='lat' dir='ltr'><strong>illos</strong></span> <span class='ocrx_word' id='word_1_163' title='bbox 760 2510 862 2566; x_wconf 69' lang='lat' dir='ltr'><strong>natos:</strong></span> <span class='ocrx_word' id='word_1_164' title='bbox 882 2501 959 2560; x_wconf 81' lang='lat' dir='ltr'><strong>demi</strong></span> <span class='ocrx_word' id='word_1_165' title='bbox 979 2504 1082 2561; x_wconf 82' lang='lat' dir='ltr'><strong>scelere</strong></span> 
     </span>
     <span class='ocr_line' id='line_1_24' title="bbox 174 2595 1082 2674; baseline 0.004 -22"><span class='ocrx_word' id='word_1_166' title='bbox 174 2595 306 2667; x_wconf 83' lang='lat' dir='ltr'><strong>admisso,</strong></span> <span class='ocrx_word' id='word_1_167' title='bbox 334 2616 417 2671; x_wconf 81' lang='lat' dir='ltr'><strong>quem</strong></span> <span class='ocrx_word' id='word_1_168' title='bbox 438 2596 544 2672; x_wconf 80' lang='lat' dir='ltr'><strong>patrid</strong></span> <span class='ocrx_word' id='word_1_169' title='bbox 565 2605 656 2654; x_wconf 85' lang='lat' dir='ltr'><strong>essent</strong></span> <span class='ocrx_word' id='word_1_170' title='bbox 679 2598 797 2673; x_wconf 71' lang='lat' dir='ltr'><strong>expulsi,</strong></span> <span class='ocrx_word' id='word_1_171' title='bbox 821 2606 946 2674; x_wconf 80' lang='lat' dir='ltr'><strong>receptos</strong></span> <span class='ocrx_word' id='word_1_172' title='bbox 964 2618 1024 2656; x_wconf 81' lang='lat' dir='ltr'><strong>esse</strong></span> <span class='ocrx_word' id='word_1_173' title='bbox 1045 2598 1082 2655; x_wconf 78' lang='lat' dir='ltr'><strong>ab</strong></span> 
     </span>
     <span class='ocr_line' id='line_1_25' title="bbox 173 2689 1081 2767; baseline 0.006 -20"><span class='ocrx_word' id='word_1_174' title='bbox 173 2690 402 2748; x_wconf 75' lang='lat' dir='ltr'><strong>Atheniensibus.</strong></span> <span class='ocrx_word' id='word_1_175' title='bbox 456 2692 515 2748; x_wconf 81' lang='lat' dir='ltr'><strong>Sed</strong></span> <span class='ocrx_word' id='word_1_176' title='bbox 544 2689 669 2748; x_wconf 73' lang='lat' dir='ltr'><strong>maxime</strong></span> <span class='ocrx_word' id='word_1_177' title='bbox 696 2691 759 2767; x_wconf 85' lang='lat' dir='ltr'><strong>ejus</strong></span> <span class='ocrx_word' id='word_1_178' title='bbox 794 2692 960 2767; x_wconf 84' lang='lat' dir='ltr'><strong>eloquentia</strong></span> <span class='ocrx_word' id='word_1_179' title='bbox 988 2694 1081 2753; x_wconf 79' lang='lat' dir='ltr'><strong>eluxit</strong></span> 
     </span>
     <span class='ocr_line' id='line_1_26' title="bbox 114 2785 1081 2863; baseline 0 -16"><span class='ocrx_word' id='word_1_180' title='bbox 114 2789 154 2847; x_wconf 79' lang='lat'><strong>25</strong></span> <span class='ocrx_word' id='word_1_181' title='bbox 175 2787 295 2863; x_wconf 84' lang='lat' dir='ltr'><strong>Spartae,</strong></span> <span class='ocrx_word' id='word_1_182' title='bbox 310 2785 398 2861; x_wconf 85' lang='lat' dir='ltr'><strong>legati</strong></span> <span class='ocrx_word' id='word_1_183' title='bbox 418 2796 484 2844; x_wconf 87' lang='lat' dir='ltr'><strong>ante</strong></span> <span class='ocrx_word' id='word_1_184' title='bbox 506 2804 635 2861; x_wconf 85' lang='lat' dir='ltr'><strong>pugnam</strong></span> <span class='ocrx_word' id='word_1_185' title='bbox 661 2785 855 2844; x_wconf 83' lang='lat' dir='ltr'><strong>Leuctricam.</strong></span> <span class='ocrx_word' id='word_1_186' title='bbox 894 2786 967 2848; x_wconf 75' lang='lat' dir='ltr'><strong>Quo</strong></span> <span class='ocrx_word' id='word_1_187' title='bbox 991 2806 1081 2862; x_wconf 87' lang='lat' dir='ltr'><strong>quum</strong></span> 
     </span>
     <span class='ocr_line' id='line_1_27' title="bbox 172 2879 1084 2957; baseline 0.001 -17"><span class='ocrx_word' id='word_1_188' title='bbox 172 2881 301 2941; x_wconf 90' lang='lat' dir='ltr'><strong>omnium</strong></span> <span class='ocrx_word' id='word_1_189' title='bbox 320 2880 463 2938; x_wconf 87' lang='lat' dir='ltr'><strong>sociorum</strong></span> <span class='ocrx_word' id='word_1_190' title='bbox 487 2879 691 2938; x_wconf 84' lang='lat' dir='ltr'><strong>convenissent</strong></span> <span class='ocrx_word' id='word_1_191' title='bbox 711 2880 810 2957; x_wconf 86' lang='lat' dir='ltr'><strong>legati,</strong></span> <span class='ocrx_word' id='word_1_192' title='bbox 832 2900 930 2939; x_wconf 85' lang='lat' dir='ltr'><strong>coram</strong></span> <span class='ocrx_word' id='word_1_193' title='bbox 951 2882 1084 2957; x_wconf 83' lang='lat' dir='ltr'><strong>frequen·</strong></span> 
     </span>
    </p>
   </div>
   <div class='ocr_carea' id='block_1_3' title="bbox 115 2974 1087 3621">
    <p class='ocr_par' dir='ltr' id='par_1_3' title="bbox 115 2974 1087 3621">
     <span class='ocr_line' id='line_1_28' title="bbox 174 2974 1084 3054; baseline 0.002 -19"><span class='ocrx_word' id='word_1_194' title='bbox 174 2976 284 3035; x_wconf 87' lang='lat' dir='ltr'><strong>tissimo</strong></span> <span class='ocrx_word' id='word_1_195' title='bbox 307 2974 484 3052; x_wconf 82' lang='lat' dir='ltr'><strong>legationum</strong></span> <span class='ocrx_word' id='word_1_196' title='bbox 507 2987 652 3034; x_wconf 83' lang='lat' dir='ltr'><strong>conventu</strong></span> <span class='ocrx_word' id='word_1_197' title='bbox 673 2974 717 3032; x_wconf 93' lang='lat' dir='ltr'><strong>sic</strong></span> <span class='ocrx_word' id='word_1_198' title='bbox 741 2975 1029 3035; x_wconf 78' lang='lat' dir='ltr'><strong>Lacedaemoniorum</strong></span> <span class='ocrx_word' id='word_1_199' title='bbox 1042 2990 1084 3054; x_wconf 77' lang='lat' dir='ltr'><strong>ty·</strong></span> 
     </span>
     <span class='ocr_line' id='line_1_29' title="bbox 173 3069 1084 3147; baseline 0.003 -19"><span class='ocrx_word' id='word_1_200' title='bbox 173 3072 324 3129; x_wconf 83' lang='lat' dir='ltr'><strong>renuidem</strong></span> <span class='ocrx_word' id='word_1_201' title='bbox 338 3071 478 3146; x_wconf 81' lang='lat' dir='ltr'><strong>coarguit,</strong></span> <span class='ocrx_word' id='word_1_202' title='bbox 488 3082 589 3129; x_wconf 90' lang='lat' dir='ltr'><strong>utnon</strong></span> <span class='ocrx_word' id='word_1_203' title='bbox 600 3069 697 3128; x_wconf 76' lang='lat' dir='ltr'><strong>minus</strong></span> <span class='ocrx_word' id='word_1_204' title='bbox 707 3069 757 3127; x_wconf 76' lang='lat' dir='ltr'><strong>ills</strong></span> <span class='ocrx_word' id='word_1_205' title='bbox 766 3071 895 3128; x_wconf 83' lang='lat' dir='ltr'><strong>oratione</strong></span> <span class='ocrx_word' id='word_1_206' title='bbox 903 3090 972 3147; x_wconf 87' lang='lat' dir='ltr'><strong>opes</strong></span> <span class='ocrx_word' id='word_1_207' title='bbox 983 3090 1084 3131; x_wconf 85' lang='lat' dir='ltr'><strong>eornm</strong></span> 
     </span>
     <span class='ocr_line' id='line_1_30' title="bbox 172 3163 1086 3242; baseline 0.003 -20"><span class='ocrx_word' id='word_1_208' title='bbox 172 3166 362 3237; x_wconf 83' lang='lat' dir='ltr'><strong>concusserit,</strong></span> <span class='ocrx_word' id='word_1_209' title='bbox 385 3163 472 3240; x_wconf 80' lang='lat' dir='ltr'><strong>qudm</strong></span> <span class='ocrx_word' id='word_1_210' title='bbox 494 3164 650 3222; x_wconf 73' lang='lat' dir='ltr'><strong>Leuctrica</strong></span> <span class='ocrx_word' id='word_1_211' title='bbox 667 3164 774 3239; x_wconf 73' lang='lat' dir='ltr'><strong>pugna.</strong></span> <span class='ocrx_word' id='word_1_212' title='bbox 815 3164 896 3222; x_wconf 91' lang='lat' dir='ltr'><strong>Tum</strong></span> <span class='ocrx_word' id='word_1_213' title='bbox 919 3165 998 3223; x_wconf 91' lang='lat' dir='ltr'><strong>enim</strong></span> <span class='ocrx_word' id='word_1_214' title='bbox 1021 3186 1086 3242; x_wconf 87' lang='lat' dir='ltr'><strong>per·</strong></span> 
     </span>
     <span class='ocr_line' id='line_1_31' title="bbox 115 3257 1086 3335; baseline 0.002 -18"><span class='ocrx_word' id='word_1_215' title='bbox 115 3260 155 3317; x_wconf 80' lang='lat'><strong>30</strong></span> <span class='ocrx_word' id='word_1_216' title='bbox 175 3259 253 3331; x_wconf 85' lang='lat' dir='ltr'><strong>fecit,</strong></span> <span class='ocrx_word' id='word_1_217' title='bbox 267 3260 344 3334; x_wconf 91' lang='lat' dir='ltr'><strong>quod</strong></span> <span class='ocrx_word' id='word_1_218' title='bbox 357 3259 423 3335; x_wconf 83' lang='lat' dir='ltr'><strong>pdst</strong></span> <span class='ocrx_word' id='word_1_219' title='bbox 437 3258 578 3335; x_wconf 86' lang='lat' dir='ltr'><strong>apparuit,</strong></span> <span class='ocrx_word' id='word_1_220' title='bbox 601 3270 632 3316; x_wconf 89' lang='lat' dir='ltr'><strong>ut</strong></span> <span class='ocrx_word' id='word_1_221' title='bbox 654 3257 761 3316; x_wconf 84' lang='lat' dir='ltr'><strong>auxilio</strong></span> <span class='ocrx_word' id='word_1_222' title='bbox 783 3258 927 3317; x_wconf 89' lang='lat' dir='ltr'><strong>sociorum</strong></span> <span class='ocrx_word' id='word_1_223' title='bbox 949 3260 1086 3319; x_wconf 67' lang='lat' dir='ltr'><strong>Laceda-</strong></span> 
     </span>
     <span class='ocr_line' id='line_1_32' title="bbox 172 3352 463 3428; baseline 0.003 -17"><span class='ocrx_word' id='word_1_224' title='bbox 172 3352 262 3411; x_wconf 91' lang='lat' dir='ltr'><strong>monii</strong></span> <span class='ocrx_word' id='word_1_225' title='bbox 275 3353 463 3428; x_wconf 81' lang='lat' dir='ltr'><strong>privarentur.</strong></span> 
     </span>
     <span class='ocr_line' id='line_1_33' title="bbox 213 3447 1085 3526; baseline 0.006 -22"><span class='ocrx_word' id='word_1_226' title='bbox 213 3447 283 3505; x_wconf 91' lang='lat' dir='ltr'>v11.</span> <span class='ocrx_word' id='word_1_227' title='bbox 326 3447 428 3507; x_wconf 81' lang='lat' dir='ltr'><strong>Fuisse</strong></span> <span class='ocrx_word' id='word_1_228' title='bbox 441 3449 600 3525; x_wconf 87' lang='lat' dir='ltr'><strong>patientem</strong></span> <span class='ocrx_word' id='word_1_229' title='bbox 613 3468 787 3525; x_wconf 87' lang='lat' dir='ltr'><strong>suorumque</strong></span> <span class='ocrx_word' id='word_1_230' title='bbox 801 3448 922 3526; x_wconf 85' lang='lat' dir='ltr'><strong>injurias</strong></span> <span class='ocrx_word' id='word_1_231' title='bbox 944 3450 1085 3509; x_wconf 83' lang='lat' dir='ltr'><strong>ferentem</strong></span> 
     </span>
     <span class='ocr_line' id='line_1_34' title="bbox 171 3542 1087 3621; baseline 0.001 -19"><span class='ocrx_word' id='word_1_232' title='bbox 171 3543 289 3619; x_wconf 85' lang='lat' dir='ltr'><strong>civium,</strong></span> <span class='ocrx_word' id='word_1_233' title='bbox 309 3542 386 3620; x_wconf 83' lang='lat' dir='ltr'><strong>qubd</strong></span> <span class='ocrx_word' id='word_1_234' title='bbox 400 3564 432 3603; x_wconf 88' lang='lat' dir='ltr'><strong>se</strong></span> <span class='ocrx_word' id='word_1_235' title='bbox 452 3544 554 3621; x_wconf 75' lang='lat' dir='ltr'><strong>patrie</strong></span> <span class='ocrx_word' id='word_1_236' title='bbox 574 3544 661 3602; x_wconf 85' lang='lat' dir='ltr'><strong>irasci</strong></span> <span class='ocrx_word' id='word_1_237' title='bbox 683 3545 766 3603; x_wconf 81' lang='lat' dir='ltr'><strong>nelss</strong></span> <span class='ocrx_word' id='word_1_238' title='bbox 785 3563 850 3603; x_wconf 86' lang='lat' dir='ltr'><strong>esse</strong></span> <span class='ocrx_word' id='word_1_239' title='bbox 870 3545 1002 3619; x_wconf 83' lang='lat' dir='ltr'><strong>duceret,</strong></span> <span class='ocrx_word' id='word_1_240' title='bbox 1023 3544 1087 3603; x_wconf 75' lang='lat' dir='ltr'><strong>hm</strong></span> 
     </span>
    </p>
   </div>
   <div class='ocr_carea' id='block_1_4' title="bbox 0 0 1210 4132">
    <p class='ocr_par' dir='ltr' id='par_1_4' title="bbox 0 0 1210 4132">
     <span class='ocr_line' id='line_1_35' title="bbox 0 0 1210 4132; baseline 0 0"><span class='ocrx_word' id='word_1_241' title='bbox 0 0 1210 4132; x_wconf 95' lang='lat' dir='ltr'><strong> </strong></span> 
     </span>
    </p>
   </div>
  </div>
 </body>
</html>
