2392 4132
108 360 150 423 26
516 366 743 423 ALCIBIADES.

169 532 346 607 gerendum3
368 531 419 587 sed
447 529 488 589 ita
511 524 629 606 scripta',
653 541 687 588 ut
710 530 830 588 deorum
851 529 997 589 videretur
1018 550 1089 591 con·

168 644 272 702 gruere
283 625 445 698 sententiae,
460 643 547 700 quam
561 625 609 683 ille
623 646 654 683 se
669 624 835 684 habiturum
848 626 976 702 pecuniis
993 627 1089 687 fidens

169 741 226 780 non
249 722 408 780 dubitabat.
455 722 543 780 Hanc
563 723 591 780 ei
612 723 761 799 scripsisse
783 724 876 783 Cleon
897 724 1088 785 Halicarnas-

169 837 236 877 seus
250 817 365 876 dicitur.

129 914 149 971 ὅ
209 912 262 971 1v.
305 915 402 988 Atque
417 915 472 972 hoc
492 914 556 971 loco
577 933 636 971 non
657 925 701 972 est
722 914 956 990 praetereundum
977 917 1087 976 factum

169 1007 365 1081 Pharnabazi,
393 1009 514 1086 satrapis
548 1008 646 1085 Regii.
708 1008 787 1066 Nam
819 1029 907 1085 quum
935 1010 1087 1086 Lysander

169 1106 323 1180 praefectus
350 1105 451 1163 classis
479 1105 508 1161 in
536 1104 611 1162 bello
638 1105 730 1162 multa
756 1105 913 1164 crudeliter
943 1106 1087 1183 avareque

171 1200 297 1272 fecisset,
312 1201 405 1276 deque
420 1201 465 1258 his
483 1200 570 1258 rebus
591 1199 786 1275 suspicaretur
801 1202 837 1258 ad
848 1201 926 1258 cives
941 1221 1009 1260 suos
1022 1221 1087 1261 esse

169 1297 322 1372 perlatum,
336 1295 419 1371 petiit
435 1315 451 1353 a
464 1295 667 1367 Pharnabazo,
682 1305 713 1353 ut
729 1296 764 1352 ad
786 1295 918 1371 Ephoros
938 1297 995 1354 sibi
1009 1297 1087 1355 testi·

116 1391 151 1449 to
171 1390 300 1450 monium
318 1390 410 1462 daret,
424 1391 533 1466 quantia
548 1390 702 1449 sanctitate
717 1390 825 1447 bellum
845 1391 992 1467 gessisset,
1015 1393 1088 1451 soci·
1120 1374 1132 1397 ⁶

170 1506 258 1563 osque
272 1486 436 1559 tractisset,
451 1488 544 1562 deque
566 1485 602 1543 eia
619 1505 650 1544 re
671 1485 807 1544 accurate
831 1486 988 1558 scriberet;
1009 1507 1088 1564 mag-

171 1603 241 1642 nam
254 1583 332 1641 enim
354 1583 417 1659 ejus
439 1582 640 1641 auctoritatem
662 1581 693 1638 in
715 1580 751 1637 eri
772 1600 803 1638 re
826 1582 962 1639 suturam.
1005 1582 1086 1640 Huic

172 1680 219 1738 ille
233 1679 390 1739 liberaliter
403 1679 565 1756 pollicetur.
614 1677 735 1735 Librum
749 1697 866 1754 gravem
880 1677 979 1736 multis
994 1678 1088 1737 verbis

121 1776 127 1787 '
174 1775 356 1851 conscripsit,
372 1775 400 1832 in
416 1794 473 1850 quo
487 1774 607 1832 summis
629 1793 696 1831 eum
719 1775 773 1833 fert
795 1774 938 1832 laudibus.
987 1773 1087 1835 Quem

114 1873 152 1930 15
172 1891 261 1947 quum
288 1871 407 1945 legisset
432 1870 648 1944 probissetque
670 1870 739 1926 dum
763 1869 943 1944 obsignatur,
966 1870 1087 1927 alterum

171 1965 234 2044 pari
257 1963 469 2040 magnitudine,
492 1963 574 2021 tantia
598 1963 798 2037 similitudine,
824 1976 856 2023 ut
878 1965 1007 2023 discerni
1028 1985 1085 2024 non

128 2094 133 2119 i
171 2071 278 2137 posset,
304 2057 450 2135 signatum
478 2058 612 2136 subjecit,
634 2059 663 2116 in
688 2079 745 2135 quo
778 2058 996 2119 accuratissime
1025 2063 1088 2137 ejus

172 2154 321 2214 avaritiam
335 2153 542 2230 perfidiamque
565 2155 724 2213 accusarat.
767 2155 849 2213 Hinc
870 2156 1021 2232 Lysander
1040 2157 1088 2214 do·
1155 2180 1158 2185 ·

172 2269 251 2308 mum
266 2269 354 2325 quum
369 2248 502 2321 redisset,
516 2260 666 2325 postquam
681 2251 718 2307 de
733 2250 793 2307 suis
806 2252 893 2308 rebus
907 2252 997 2327 gestis
1012 2252 1087 2328 apud

111 2346 152 2405 20
173 2346 330 2403 maximnm
361 2343 572 2418 magistratum,
607 2363 670 2419 quae
705 2345 843 2418 voluerat,
878 2346 999 2418 dixerat,
1034 2359 1089 2404 tes·

139 2435 141 2439 *
172 2439 286 2500 timonii
312 2440 377 2498 loco
404 2438 509 2496 librum
545 2457 562 2495 a
598 2438 791 2497 Pharnabazo
825 2440 925 2499 datum
961 2442 1088 2500 tradidit

172 2535 273 2606 Hunc,
288 2534 421 2592 submoto
434 2534 595 2609 Lysandro,
606 2553 693 2608 quum
709 2535 819 2611 Ephori
832 2535 1019 2612 cogndssent,
1035 2537 1088 2614 ipsi

171 2629 489 2707 legendumdederunt.
547 2628 594 2687 Ita
608 2629 656 2687 ille
671 2629 838 2705 imprudens
860 2630 921 2705 ipse
944 2650 1014 2690 suus
1036 2633 1090 2693 fuit

173 2737 333 2785 accusator.

397 3194 468 3254 Vll.
511 3193 861 3254 ALCIBIADES.

114 3392 155 3453 2¹⁸»
214 3390 238 3453 l.
281 3389 460 3463 Alcibiades,
484 3387 590 3447 Clinia
600 3386 698 3466 filius,
720 3387 913 3446 Atheniensis.
975 3386 1011 3446 In
1034 3390 1090 3449 hoc

173 3497 287 3560 natura,
307 3483 376 3561 quid
397 3485 513 3544 efficere
534 3482 635 3562 possit,
657 3483 770 3544 videtur
794 3494 920 3561 experta.
968 3483 1092 3544 Constat

174 3581 253 3643 enim
268 3580 342 3640 inter
356 3597 468 3653 omnes,
482 3579 531 3656 qui
545 3581 583 3639 de
596 3599 632 3639 eo
645 3579 791 3640 memorie
805 3578 1005 3657 prodiderunt,
1016 3581 1090 3640 nibil
