2392 4132
482 306 680 358 TIMOLEON.
1053 297 1092 357 93

125 481 143 521 a
156 462 352 522 fundamentis
366 463 496 540 disjecit3
519 477 624 524 caetera
637 465 798 541 tyrannidis
816 465 1034 542 propugnacula

123 557 277 615 demolitus
291 569 344 631 est,
359 559 494 634 deditque
507 579 635 636 operam,
650 572 682 619 ut
694 559 781 636 qudm
801 559 921 619 minime
943 561 1035 619 multa

122 652 244 729 vestigia
254 653 399 711 servitutis
410 666 569 713 manerent.
610 656 714 717 Quum
727 656 816 715 tantis
826 666 903 714 esset
919 656 1033 731 opibus,

122 759 159 805 ut
168 747 256 806 etiam
271 747 368 806 invitis
381 749 522 824 imperare
536 761 642 825 posset,
656 762 770 808 tantum
794 763 890 809 auteur
915 751 1035 808 haberet

123 862 249 900 amorem
263 844 393 901 omnium
408 844 582 918 Siculorum,
591 856 633 918 ut,
646 846 726 904 nullo
736 857 900 919 recusante,
912 864 1034 922 regnum
1053 845 1075 903 5

120 938 276 1012 obtineret,
296 939 399 997 maluit
413 958 444 997 se
459 939 551 1015 diligi,
565 937 652 1016 quim
670 940 770 999 metui.
811 940 923 1016 Itaque,
945 959 1034 1016 quum

121 1032 245 1109 primirm
259 1035 362 1110 potuit,
377 1034 529 1109 imperium
542 1035 685 1110 deposuit,
696 1045 726 1093 et
736 1035 863 1112 privatus
872 1035 1035 1110 Syracusis,

121 1130 198 1204 quod
211 1129 353 1205 reliquum
366 1129 432 1188 ritae
446 1130 510 1204 fuir,
525 1131 603 1189 vixit.
644 1131 748 1206 Neque
759 1129 827 1188 vero
848 1131 877 1189 id
901 1129 1033 1207 imperite

123 1224 201 1285 fecit.
243 1225 322 1281 Nam
344 1227 420 1300 quod
440 1227 538 1284 caeteri
558 1245 642 1302 reges
656 1226 776 1302 imperio
796 1238 961 1302 potuerunt,
986 1227 1035 1285 hic

121 1319 324 1378 benevolentid
337 1321 440 1380 tenuit.
482 1321 590 1379 Nullus
605 1323 696 1380 honos
718 1322 787 1379 huic
806 1322 917 1394 defuit3
939 1342 1033 1399 neque
1056 1324 1094 1381 lo

121 1427 222 1491 postea
234 1435 281 1473 res
292 1416 351 1473 ulla
365 1416 518 1491 Syracusis
531 1428 614 1493 gesta
627 1428 671 1475 est
684 1415 812 1493 publice,
827 1418 863 1475 de
884 1418 941 1494 qud
954 1417 1035 1494 prids

122 1510 160 1568 sit
187 1511 347 1584 decretum,
372 1509 458 1586 quam
493 1511 686 1571 Timoleontis
724 1512 869 1570 sententiis
906 1512 1033 1588 cogniti.

122 1604 239 1664 Nullius
253 1626 380 1682 unquam
394 1607 548 1665 consilium
561 1627 620 1665 non
635 1606 721 1665 modb
737 1608 905 1680 antelatum,
925 1608 975 1665 sed
996 1627 1035 1665 ne

121 1712 320 1777 comparatum
333 1702 450 1777 quidem
465 1713 517 1760 est.
559 1701 664 1778 Neque
678 1702 707 1759 id
722 1702 816 1779 magis
832 1703 1034 1762 benevolentia

122 1797 302 1870 factumest,
316 1796 403 1873 qudm
417 1798 580 1874 prudentii.
964 1798 967 1805 ’
1057 1800 1094 1857 15

160 1892 214 1951 lv.
255 1892 315 1950 Hic
328 1913 416 1968 quum
431 1904 515 1952 aetate
527 1894 587 1969 jam
600 1905 753 1970 provectus
776 1905 863 1968 esset,
889 1893 951 1951 sine
976 1894 1035 1951 ullo
1060 1906 1066 1912 '

120 1989 221 2047 morbo
233 1989 345 2046 lumina
357 1989 506 2047 oculorum
521 1988 625 2047 amisit.
666 1989 766 2052 Quam
780 1988 975 2047 calamitatem
994 1987 1036 2047 ita

120 2074 268 2142 moderate
283 2084 358 2159 tulit,
373 2094 405 2142 ut
418 2103 513 2160 neque
527 2103 594 2141 eum
608 2096 776 2160 querentem
790 2083 941 2160 quisquam
956 2083 1036 2141 audi·

120 2179 185 2254 erit,
199 2184 293 2256 neque
306 2178 342 2237 ed
357 2177 454 2237 minus
468 2179 586 2256 privatis
608 2179 789 2256 publicisque
808 2180 894 2238 rebus
917 2179 1035 2236 interfu-

119 2275 183 2334 erit.
224 2274 370 2333 Veniebat
384 2286 480 2333 autem
495 2275 524 2332 in
539 2276 693 2349 theatrum,
707 2295 795 2351 quum
815 2275 855 2331 ibi
878 2274 1034 2332 concilium
1054 2275 1095 2333 20

119 2369 220 2446 populi
233 2370 397 2443 baberetur,
418 2381 533 2446 propter
556 2370 750 2428 valetudinem
775 2381 874 2428 vectus
896 2368 1035 2444 jumentis

117 2465 238 2540 junctis,
251 2475 335 2539 atque
350 2464 391 2522 ita
405 2465 441 2521 de
455 2464 598 2536 vehiculo,
614 2484 677 2539 quae
704 2465 884 2536 videbuntur,
896 2464 1012 2521 dicebat
1024 2484 1030 2535 ;

120 2578 214 2635 neque
228 2561 284 2617 hoc
296 2559 337 2617 illi
348 2559 499 2635 quisquam
509 2559 655 2617 tribuebat
666 2558 819 2635 superbiae.
862 2558 944 2615 Nihil
956 2558 1035 2616 enirn

118 2672 246 2729 unquam
270 2673 364 2730 neque
389 2654 516 2712 insolens
540 2673 634 2729 neque
656 2653 812 2730 gloriosum
836 2673 873 2710 ex
898 2673 948 2712 ore
971 2655 1034 2730 ejus

119 2748 199 2807 exiit.
239 2748 302 2811 Qui
316 2749 444 2823 quidem,
458 2768 547 2823 quum
559 2768 626 2807 suas
637 2749 739 2808 laudes
751 2749 863 2807 audiret
870 2749 1032 2825 praedicari,
1053 2750 1094 2806 25

119 2862 269 2918 nunquam
294 2843 372 2901 aliud
400 2842 481 2916 dixit,
505 2842 593 2918 quarn
617 2862 649 2900 se
674 2843 704 2899 in
728 2844 764 2900 ed
778 2862 809 2900 re
823 2842 963 2907 maximas
978 2841 1033 2899 diis

119 2938 226 3014 gratias
241 2957 326 3014 agere
341 2950 426 3012 atque
440 2939 558 3011 habere,
572 2935 661 3011 quod,
683 2956 772 3011 quum
795 2936 926 2996 Siciliam
941 2955 1035 2994 recre-

119 3053 167 3091 are
181 3032 410 3106 constituissent,
425 3043 486 3091 tum
500 3052 532 3090 se
545 3029 728 3108 potissimirm
742 3031 846 3088 ducem
868 3049 932 3088 esse
956 3030 1035 3089 volu-

118 3128 217 3187 issent.
272 3128 355 3186 Nihil
383 3128 461 3186 enirn
485 3146 582 3185 rerum
610 3128 802 3184 humanarum
826 3125 890 3183 sine
913 3127 1032 3184 deorum

117 3225 238 3283 numine
265 3224 327 3300 geri
361 3224 489 3300 putabat.
544 3222 647 3298 ltaque
684 3242 744 3280 suae
779 3222 857 3280 domi
894 3223 1032 3280 sacellum
1052 3226 1093 3283 30

124 3322 296 3378 Akucttoec
310 3319 509 3392 constituerat,
525 3318 611 3393 idque
625 3315 808 3376 sanctissime
822 3318 944 3375 colebat.

155 3414 193 3473 V.
235 3414 284 3472 Ad
299 3415 377 3472 hanc
401 3413 527 3472 hominis
551 3413 742 3470 excellentem
766 3412 925 3470 bonitatem
949 3412 1033 3470 mira·

117 3509 191 3569 biles
205 3520 393 3568 accesserunt
406 3528 501 3566 casus.
543 3507 621 3566 Nam
635 3507 737 3584 proelia
747 3507 874 3565 maxima
884 3507 974 3565 natali
984 3507 1032 3564 die
