2392 4132
452 295 454 300 '
499 292 625 342 cluou.
967 318 971 327 ·
1041 282 1079 341 21

109 453 218 530 plicem
233 451 290 511 Dei
303 451 414 510 videret
428 451 458 508 in
473 451 523 509 arri
536 451 697 524 sedentem,
711 450 823 526 quaerit,
837 469 933 509 cauam
952 450 1021 526 quid

110 549 221 606 uittam
236 547 387 623 repentino
411 547 541 605 coneilio.
584 546 664 604 Huic
686 547 745 619 ille,
767 545 836 622 quid
860 564 896 604 ex
920 545 1023 604 litteris

110 642 309 718 comperisset,
320 641 419 719 aperit.
461 640 560 699 Tanto
570 641 1023 718 magiaPauaaniaaperturbatua

110 757 194 796 orare
208 737 307 813 coepit,
322 756 359 795 ne
373 737 548 809 enuntiaret,
562 755 619 794 nec
633 755 674 809 ae,
690 735 825 794 meritum
846 737 884 794 de
905 736 954 795 illo
975 755 1024 812 op-

110 831 194 904 time,
218 833 361 908 proderet.
401 828 493 893 Quod
520 831 546 888 ai
569 849 635 888 eam
662 831 777 888 veniam
803 830 859 888 sibi
885 831 1063 904 dedisset,5

111 927 257 1002 tantisque
270 927 442 1003 implicitum
463 927 549 984 rebus
569 925 757 1000 sublevdaset,
780 945 887 1003 magno
909 945 974 985 ease
995 926 1024 984 ei

110 1022 230 1099 praemio
244 1024 380 1081 futurum.

150 1119 189 1176 V.
230 1117 287 1176 His
299 1118 386 1175 rebus
400 1116 510 1193 Ephori
523 1115 648 1193 cognitis
672 1116 762 1175 satius
784 1128 969 1193 putaverunt,
993 1115 1023 1174 in

111 1215 184 1271 urbe
198 1233 265 1271 eum
279 1212 495 1289 comprehendi.
536 1211 607 1275 Quo
618 1232 707 1288 quum
720 1226 818 1271 essent
838 1212 970 1289 profecti,
994 1224 1024 1271 et

66 1350 70 1357 -
111 1309 283 1381 Pausaniae,
297 1309 412 1384 placato
425 1308 549 1384 Argilio,
570 1320 602 1367 ut
625 1309 754 1384 putabat,
779 1309 1022 1367 Lacedaemonem
1045 1308 1082 1364 lu

68 1477 70 1482 Ι
112 1417 321 1475 reverteretur3
344 1404 374 1480 in
389 1405 502 1477 itinere,
516 1423 606 1480 quum
617 1404 677 1480 jam
692 1404 722 1461 in
736 1423 772 1462 eo
786 1416 873 1477 esset,
892 1416 925 1462 ut
946 1423 1024 1461 com·

111 1500 349 1576 prehenderetur,
364 1519 381 1556 e
395 1500 475 1557 vultu
486 1500 638 1575 cujusdam
653 1499 762 1575 Ephori
776 1500 824 1575 qui
839 1518 906 1557 eum
927 1500 1024 1555 admo-

113 1614 182 1673 nere
193 1594 339 1670 cupiebat,
351 1594 472 1652 insidias
483 1595 539 1652 sibi
548 1594 610 1651 lieri
619 1594 768 1651 intellexit.
811 1593 913 1668 Itaque
922 1592 1024 1667 paucis

113 1686 180 1749 ante
195 1690 342 1765 gradibuS,
351 1688 438 1765 qudm
452 1690 502 1765 qui
513 1690 717 1764 sequebantur,
732 1688 762 1745 in
772 1689 863 1744 aedenr
872 1687 1022 1759 Minervae,

112 1805 175 1861 quae
189 1785 375 1843 Chalcioecus
388 1798 516 1858 vocatur,
530 1785 669 1859 confugit.
711 1784 792 1841 Hinc
804 1787 843 1841 ne
864 1782 943 1840 exire
961 1802 1023 1859 poa-
1046 1784 1083 1840 15

66 1919 71 1927 ·
112 1893 166 1953 eet,
181 1881 278 1938 statim
302 1880 411 1956 Ephori
434 1881 529 1937 valvas
550 1881 613 1956 ejus
637 1880 707 1938 edis
730 1880 944 1951 obstruxerunt,
966 1891 1024 1937 tec-

113 1988 230 2051 tumque
245 1987 313 2033 aunt
332 1975 472 2048 demoliti,
496 1973 553 2050 qud
579 1972 693 2032 facilius
717 1977 771 2032 sub
795 1977 861 2034 divo
885 1975 1022 2033 interiret.

114 2071 239 2153 Dicitur,
253 2091 290 2130 eo
302 2083 430 2148 tempore
444 2083 566 2129 matrem
589 2071 742 2128 Pausanioe
764 2071 880 2144 vixime,
902 2092 1022 2146 eamque

112 2167 171 2244 jam
185 2186 293 2243 magno
306 2178 387 2239 natu,
401 2178 552 2242 postquam
566 2167 602 2222 de
616 2167 726 2237 scelere
747 2166 799 2223 filii
820 2167 969 2242 comperit,
993 2167 1023 2224 in

114 2264 224 2340 primia,
233 2264 275 2320 'ad
290 2263 381 2320 filium
395 2264 600 2335 claudendum,
609 2263 735 2339 lapidem
747 2265 783 2320 ad
795 2263 943 2322 introitum
953 2265 1023 2321 aedis
1043 2261 1085 2320 20

115 2359 254 2418 attulisse.
297 2359 347 2416 Sic
369 2358 529 2418 Pausanias
552 2378 689 2435 magnam
713 2359 781 2417 belli
803 2361 923 2435 gloriam
947 2359 1023 2435 turpi

90 2468 207 2514 ¹morte
234 2453 398 2512 maculavit.
448 2454 508 2512 Hic
534 2473 622 2529 quum
646 2455 824 2513 semianimis
851 2456 887 2511 de
916 2457 1023 2530 templo

66 2628 69 2633 Ι
97 2619 102 2627 ,
117 2553 212 2610 elatus
226 2563 313 2625 esset,
328 2550 481 2609 confestim
496 2551 622 2608 animam
646 2551 760 2608 efflavit.
803 2551 895 2626 Cujus
917 2552 1022 2609 mortui

116 2666 219 2724 corpus
230 2667 319 2722 quum
333 2645 436 2704 eddem
451 2647 583 2704 nonnulli
604 2647 735 2705 dicerent
759 2647 858 2705 inserri
881 2658 1021 2723 oportere,

117 2742 172 2818 qud
184 2743 224 2815 hi,
236 2743 285 2818 qui
295 2743 331 2799 ad
339 2741 512 2818 supplicium
522 2753 620 2801 essent
630 2737 691 2801 dati
702 2763 709 2812 ;
724 2742 872 2818 displicuit
881 2743 1021 2818 pluribus,
1041 2744 1082 2800 25

117 2850 146 2897 et
157 2839 258 2914 procul
273 2840 309 2894 ab
322 2856 358 2895 eo
367 2838 431 2896 loco
443 2838 618 2910 infoderunt,
629 2857 687 2912 quo
696 2850 759 2896 erat
769 2849 906 2896 mortuus.
949 2836 1023 2894 Inde

117 2931 257 3009 posteriirs
271 2933 327 2991 Dei
337 2932 473 3009 Delphici
487 2951 623 3008 responso
634 2943 743 3004 erutus,
753 2943 837 3006 atque
846 2933 948 2990 eodem
959 2932 1023 2990 loco

116 3029 254 3106 sepultura,
269 3027 320 3086 ubi
333 3028 421 3087 vitam
434 3037 578 3104 posuerat.

435 3269 471 3328 V.
514 3267 707 3326 CIMON.

156 3398 181 3457 I.
224 3398 335 3472 Cimon,
356 3397 504 3454 Miltiadis
509 3397 606 3473 filius,
628 3397 822 3469 Atheniensis,
837 3396 908 3454 duro
928 3398 1034 3461 admo·¹

117 3493 187 3553 dum
200 3495 283 3552 initio
305 3514 375 3552 usus
398 3505 443 3551 est
464 3493 675 3552 adolescentiae.
723 3491 811 3563 Nam,
833 3510 921 3566 quum
944 3504 1024 3568 pater
1044 3492 1083 3549 30
