2392 4132
108 364 150 423 Μ
528 370 717 424 casuales.

169 544 213 592 cst
226 551 323 605 ausus,
337 547 460 608 suosque
472 533 532 608 jam
544 533 726 589 incurrentes
736 531 805 589 tuba
815 531 968 590 revocavit.
1011 530 1078 591 Hoc

168 645 257 702 usque
271 626 307 684 ed
321 628 381 684 toti
396 626 511 683 Graeciri
525 627 602 682 samri
616 626 794 683 celebratum
812 637 866 698 est,
881 638 913 685 ut
934 626 983 684 illc
1001 639 1077 685 statu

168 719 310 779 Chabrias
324 720 380 778 sibi
393 732 518 779 statuam
533 719 595 778 fieri
617 719 748 792 voluerit,
762 738 826 795 quas
848 720 965 795 publice
989 722 1017 779 ei
1042 724 1079 778 ab

169 805 398 873 Atheniensibus
419 815 448 872 in
475 817 537 874 foro
556 815 714 873 constituta
726 826 779 873 est.
821 814 867 872 Ex
888 833 944 891 quo
969 817 1077 875 lactum

127 911 149 969 5
168 922 221 983 est,
236 922 267 969 ut
280 923 381 986 postea
395 911 508 969 athletas
527 909 682 984 ceterique
701 909 827 967 artifices
841 910 886 969 his
902 911 1026 968 statibus
1047 913 1077 969 in

168 1006 269 1064 statuis
290 1005 433 1081 ponendis
457 1016 617 1077 uterentur,
639 1005 670 1061 in
691 1004 795 1079 quibus
816 1004 966 1062 victoriam
980 1019 1077 1065 esseut

169 1100 273 1175 adepti.

208 1194 248 1252 ΙΙ.
291 1195 434 1252 Chabrias
448 1206 545 1252 autem
558 1195 649 1251 multa
662 1193 692 1250 in
708 1193 825 1268 Europe
844 1194 919 1251 bella
942 1195 1079 1253 admittis

168 1289 262 1361 trarit,
286 1307 374 1365 quum
399 1290 458 1345 dux
482 1288 708 1347 Atheniensium
722 1300 815 1358 esset;
837 1289 868 1346 in
883 1288 1011 1365 AEgyptc
1025 1291 1077 1348 sua

112 1385 149 1443 tu
168 1397 270 1460 sponte
297 1383 395 1460 gessit.
447 1382 526 1440 Nam
550 1382 736 1441 Nectenebin
764 1383 894 1458 adjutum
921 1385 1077 1458 profectus,

169 1498 291 1555 regnum
306 1479 333 1536 ei
356 1478 513 1536 coustituit.
556 1477 641 1536 Fecit
664 1477 741 1534 idem
762 1477 863 1554 Cypri,
885 1479 935 1535 sed
959 1478 1077 1554 publicd

170 1574 206 1631 ab
220 1573 450 1632 Atheniensibus
464 1573 603 1649 Eragcrae
618 1572 731 1648 adjutor
744 1573 838 1629 datus.
878 1571 982 1647 Neque
999 1573 1078 1649 priris

170 1670 238 1726 inde
252 1669 395 1743 discessit,
417 1667 504 1745 qudm
530 1680 620 1727 totam
645 1668 769 1725 insulam
796 1667 871 1725 bello
892 1668 1077 1726 devinceret:

169 1766 225 1840 qud
243 1786 280 1824 ex
300 1786 332 1824 re
350 1765 546 1822 Athenienses
571 1782 707 1839 magnam
735 1762 857 1838 gloriam
880 1775 949 1821 sunt
973 1764 1077 1839 adepti.

113 1860 150 1916 15
170 1859 291 1918 interim
306 1860 413 1916 bellum
427 1859 502 1917 inter
517 1858 668 1934 AEgyptios
681 1869 711 1915 et
724 1858 828 1915 Persas
848 1856 1006 1915 conflatum
1024 1869 1076 1916 est.

171 1954 368 2012 Athenienses
382 1973 449 2011 cum
474 1955 634 2012 Artaxerxe
655 1953 824 2011 societatem
838 1953 1003 2026 habebant;
1025 1954 1079 2012 La·

170 2048 341 2106 cedaemonii
362 2068 429 2106 curn
457 2049 619 2126 AEgyptiis:
651 2067 668 2106 a
694 2049 798 2123 quibus
822 2067 942 2124 magnas
969 2051 1079 2124 predas
1132 2045 1136 2056 '

170 2145 335 2221 Agesilaiis,
350 2165 401 2203 rex
422 2165 531 2217 eorum,
555 2145 688 2203 faciebat.
731 2144 765 2201 Id
791 2145 908 2203 intuens
925 2144 1077 2215 Chabrias,
1116 2168 1123 2177 ·

170 2259 258 2315 quum
284 2241 314 2297 in
341 2259 373 2297 re
399 2241 479 2297 nulli
507 2240 646 2315 Agesilao
673 2240 800 2312 cederat,
828 2240 881 2296 sui
905 2252 1008 2315 sponte
1029 2260 1078 2297 eos

110 2335 151 2392 20
172 2336 301 2411 adjutum
315 2336 461 2410 profectus
476 2335 620 2411 AEgyptiae
642 2335 728 2392 classi
752 2335 875 2410 praesuit,
898 2336 1079 2411 pedestribus

171 2429 264 2503 copiis
283 2428 448 2504 Agesilaiis.

211 2520 268 2579 III.
310 2523 389 2579 Turn
410 2522 539 2598 praefecti
561 2522 655 2599 Regis
677 2523 783 2580 Persiae
805 2524 915 2598 legatos
939 2525 1097 2584 miseranti

172 2617 305 2674 Athenas
318 2628 461 2691 questum,
475 2614 552 2692 qudd
567 2617 711 2674 Chabrias
724 2615 876 2674 adversirm
891 2617 1008 2693 Regem
1023 2620 1079 2697 bel*

170 2711 230 2768 lum
244 2721 357 2786 gereret
371 2729 438 2767 cunr
453 2709 606 2785 AEgyptiis.
648 2709 845 2767 Athenienses
869 2710 946 2768 diem
970 2726 1079 2773 certam

110 2805 153 2864 25
172 2804 307 2864 Chabrise
319 2804 544 2881 praestituerunt,
557 2823 643 2880 quam
658 2816 725 2863 ante
739 2806 856 2863 domum
870 2806 928 2864 nisi
947 2809 1079 2883 redisset,

171 2900 276 2979 capitis
302 2920 333 2960 sa
362 2899 443 2959 illum
471 2901 657 2959 damnaturos
678 2900 896 2960 denuntitrunt.
938 2902 1005 2962 Hoc
1031 2905 1081 2963 ille

172 2998 274 3058 nuntio
292 2997 426 3056 Athenas
448 2996 551 3067 rediit3
572 3015 666 3072 neque
688 2997 727 3053 ibi
749 2996 857 3055 diutius
877 3009 921 3056 est
942 3012 1080 3072 moratus,

170 3089 257 3165 qudm
272 3091 325 3151 suit
338 3110 467 3150 neeesse.
508 3090 577 3150 Non
591 3091 670 3149 enim
683 3091 807 3150 libenter
820 3104 882 3151 erat
896 3104 962 3152 ante
980 3095 1082 3154 oeulos

172 3184 279 3241 civium
293 3205 428 3254 sucrum;
449 3183 527 3261 qudd
550 3197 580 3243 et
606 3186 719 3243 vivebat
745 3184 835 3258 lautd,
857 3199 887 3245 et
910 3186 1081 3264 indulgebat

112 3279 154 3337 80
172 3278 227 3337 sibi
241 3278 399 3352 liberalihs,
414 3279 501 3356 quim
515 3291 547 3338 ut
565 3280 704 3337 invidiam
724 3281 803 3356 vulgi
823 3292 921 3357 posset
942 3283 1079 3360 effugare.

173 3373 227 3433 Est
252 3373 330 3431 enim
358 3376 414 3434 hoc
440 3393 594 3433 commune
618 3374 719 3434 vitium
744 3375 774 3432 in
798 3376 912 3452 magnis
924 3377 1081 3455 liberisque

172 3468 347 3541 civitatibus,
371 3481 404 3528 ut
430 3469 538 3527 invidia
558 3469 656 3545 gloriae
680 3487 778 3527 comes
802 3469 848 3540 sit,
862 3479 892 3527 et
905 3469 1030 3531 libenter
1043 3474 1080 3531 de

159 3562 218 3622 his
231 3563 394 3636 detrahant,
407 3582 479 3632 cuns
491 3563 620 3621 eminere
633 3563 751 3621 videant
764 3561 860 3634 attius,
875 3581 968 3638 neque
983 3568 1082 3626 enimc
