2392 4132
518 358 740 409 Ttuouflnus.

170 518 249 575 enirn
264 518 398 590 disertus,
413 517 545 594 impiger,
560 518 730 591 laboriosus,
748 518 792 577 rei
813 519 947 578 militaris
964 520 1086 597 peritus,

171 633 264 688 neque
300 610 397 670 minias
428 611 552 670 civitatis
578 613 723 688 regendae.
779 613 875 672 Multa
902 614 989 692 hujus
1016 627 1086 674 sunt
1145 661 1149 669 .

169 706 307 783 praeclare
320 709 407 780 facta,
422 708 472 765 sed
493 709 555 765 haec
570 707 695 790 maxime
711 709 842 778 illustria.
883 709 1041 785 Olynthios
1054 721 1083 769 et

171 802 330 877 Byzantios
344 804 419 862 bello
433 803 557 879 subegit.
600 804 720 861 Samum
735 805 822 880 cepit,
847 804 878 862 in
899 806 957 880 qun
977 825 1086 882 oppug-

130 898 269 956 5nandd
296 899 442 976 superiore
469 899 545 956 bello
571 884 769 957 Athenienses
796 901 875 958 mille
901 913 931 959 et
957 897 1086 959 ducenta

171 992 280 1051 talenta
301 1005 548 1071 consumpserant.
590 994 626 1051 Id
651 995 699 1053 ille
723 995 787 1053 sin'e
811 996 871 1053 ulla
891 996 1010 1072 publica
1034 997 1085 1054 im·

170 1089 261 1163 pensa
275 1091 380 1166 populo
406 1089 539 1148 restituit.
581 1089 746 1148 Adversum
774 1091 869 1166 Cotyn
889 1092 965 1149 bella
984 1092 1083 1167 gessit,

172 1184 208 1240 ab
232 1203 323 1259 eoque
344 1185 423 1243 mille
447 1196 477 1243 et
497 1186 625 1243 ducenta
647 1186 757 1244 talenta
769 1187 874 1262 predae
889 1186 918 1243 in
932 1186 1082 1262 publicum

171 1279 277 1337 retulit.
334 1279 479 1356 Cyzicum
505 1280 658 1339 obsidione
692 1280 833 1339 liberarit.
888 1280 1083 1339 Ariobarzani
1109 1302 1112 1307 ·

114 1374 152 1433 1⁰
172 1372 256 1431 simul
270 1394 338 1433 curn
353 1374 491 1452 Agesilao
514 1374 621 1433 auxilio
641 1377 789 1451 profectus
806 1386 867 1434 est:
889 1394 976 1449 aquo
995 1394 1082 1450 quum

172 1467 252 1525 Laco
273 1470 428 1545 pecuniam
452 1482 631 1528 numeratam
654 1469 824 1546 accepisset,
847 1470 895 1529 ille
917 1469 996 1528 cives
1016 1490 1083 1533 suos

172 1582 241 1640 agro
268 1577 353 1640 atque
377 1565 497 1623 urbibus
525 1547 625 1642 augeri
649 1564 761 1640 maluit,
788 1563 875 1640 quim
900 1565 929 1623 id
956 1584 1080 1637 sumere,

171 1661 255 1735 cujus
268 1672 377 1737 partem
393 1661 510 1719 domum
524 1681 606 1720 suam
621 1662 695 1719 ferre
705 1671 810 1737 posset.
852 1659 954 1736 Itaque
969 1660 1082 1736 accepit
1170 1720 1181 1727 ,

171 1754 322 1815 Crithoten
337 1768 367 1815 et
381 1758 506 1815 Sestum.
952 1754 956 1760 ’

115 1849 151 1907 15
210 1850 251 1908 ΙΙ.
292 1851 376 1909 Idem
403 1851 490 1910 classi
515 1854 670 1929 praefectus
697 1852 917 1910 circumvehens
940 1851 1081 1928 Pelopon·

170 1965 283 2018 nesum,
308 1947 475 2004 Laconicen
502 1948 665 2023 populatus,
691 1948 813 2006 classem
837 1965 938 2006 eorum
962 1947 1080 2024 fugavit.

170 2039 328 2116 Corcyram
341 2043 397 2099 sub
411 2041 563 2118 imperium
587 2042 811 2101 Atheniensium
825 2042 956 2119 redegit:
977 2044 1082 2103 socios·
1148 2123 1151 2127 ἢ

170 2155 225 2210 que
240 2136 317 2193 idem
332 2137 464 2213 adjunxit
477 2137 621 2214 Epirotas,
636 2138 828 2210 Athamanas,
851 2137 999 2210 Chaonas,
1022 2157 1081 2196 om-

170 2249 279 2308 nesque
293 2252 343 2290 eas
356 2245 468 2308 gentes,
482 2252 546 2308 quae
558 2252 638 2291 mare
652 2233 723 2291 illud
735 2233 878 2309 adjacent.
918 2231 990 2294 Quo
1004 2233 1080 2291 sacto

109 2326 152 2385 2⁰
170 2326 386 2384 Lacedaemonii
405 2327 441 2384 de
456 2327 569 2384 diutina
581 2327 767 2386 contentione
787 2326 970 2399 destiterunt,
985 2339 1016 2385 et
1028 2327 1081 2385 sud

171 2432 272 2497 sponte
287 2420 518 2479 Atheniensibus
529 2421 643 2497 imperii
656 2421 793 2480 maritimi
806 2421 1001 2497 principatum
1013 2442 1080 2480 con·

170 2526 338 2586 cesserunt3
371 2535 530 2592 pacemque
566 2517 612 2575 his
644 2516 759 2592 legibus
793 2515 1018 2590 constituerunt,
1049 2529 1080 2575 ut

170 2609 367 2668 Athenienses
391 2611 464 2668 mari
485 2612 576 2669 duces
600 2623 705 2670 essent.
747 2612 825 2673 Quae
849 2611 970 2670 victoria
991 2623 1079 2671 tanta

169 2705 223 2765 fuit
238 2704 344 2763 Atticis
365 2704 481 2778 letitia,
506 2717 538 2763 ut
561 2717 623 2763 tum
644 2703 768 2781 primum
794 2725 850 2762 arae
871 2724 941 2763 eaor
962 2704 1078 2782 publice

108 2803 150 2863 25
169 2801 228 2862 sint
250 2802 344 2873 factae,
366 2800 450 2875 eique
474 2800 536 2857 deae
557 2800 688 2876 pulvinar
712 2800 749 2859 sit
773 2801 945 2860 institutum.
986 2802 1080 2879 Cujus

169 2898 263 2957 laudis
277 2908 309 2956 ut
323 2895 460 2955 memoria
478 2907 618 2970 maneret,
640 2895 797 2955 Timotheo
815 2894 932 2973 publice
955 2908 1079 2956 statuam

170 2993 198 3051 in
214 2995 274 3053 foro
288 3004 453 3069 posuerunt.
493 2992 557 3054 Qui
571 2994 663 3052 honos
677 2992 746 3050 huic
758 2992 808 3049 uni
820 3004 887 3051 ante
899 2994 954 3050 hoc
966 3004 1079 3070 tempus

168 3089 300 3165 contigit,
315 3100 357 3161 ut,
371 3108 458 3164 quum
473 3088 547 3164 patri
560 3088 682 3164 populus
703 3100 827 3146 statuam
848 3087 1000 3163 posuisset,
1020 3089 1079 3147 filio

168 3202 280 3256 quoque
305 3183 395 3241 daret.
437 3183 488 3240 Sic
507 3181 590 3258 juxta
613 3183 707 3258 posita
733 3201 836 3240 recens
863 3182 926 3253 filii,
950 3195 1076 3242 veterem

108 3276 149 3333 30
168 3275 257 3351 patris
268 3278 416 3335 renovavit
426 3276 603 3335 memoriam.

208 3369 266 3427 III.
308 3371 367 3429 Hic
394 3391 482 3447 quum
510 3383 586 3430 esset
612 3390 719 3448 magno
745 3382 826 3444 natu,
840 3383 870 3430 et
890 3373 1078 3449 magistratus

167 3484 269 3542 gerere
282 3464 414 3540 desisset,
428 3468 504 3527 bello
525 3467 724 3526 Athenienses
744 3467 872 3543 undique
895 3468 988 3544 premi
1010 3482 1078 3528 sunt

167 3559 264 3637 coepti.
318 3560 474 3621 Defecerat
511 3563 641 3633 Samns;
673 3561 817 3621 descierat
846 3561 1078 3641 Hellespon.ns;
