2392 4132
465 281 661 331 narsmous.
1040 268 1077 334 17

110 440 168 498 Cui
183 440 230 497 ille
245 439 401 515 respondit,
416 458 447 497 se
461 439 593 515 ignorare
617 440 787 514 Aristidem,
809 442 859 499 sed
884 441 940 498 sibi
962 460 1020 501 nou

108 536 235 611 placere,
249 532 326 608 quod
338 545 397 592 tam
411 532 517 609 cupide
531 535 716 607 elaborasset,
731 547 763 592 ut
782 547 885 611 praeter
900 546 1018 599 caeteros

109 628 211 686 Justus
233 629 430 711 appellaretur.
479 628 538 685 Hic
565 629 667 685 decern
695 649 835 687 annorum
859 630 1017 706 legitimam

109 741 224 799 poenam
234 742 292 780 non
300 722 425 797 pertulit.
459 720 537 778 Nam
547 734 697 797 postquam
705 724 819 781 Xerxes
831 725 860 781 in
872 725 1015 781 Graeciam

109 817 271 889 descendit,
286 827 366 873 sexto
380 814 441 873 ferd
464 834 550 889 ann0,
564 816 651 890 quim
662 829 724 875 erat
734 819 879 893 expulsus,
892 819 1017 894 populis·
1036 820 1057 876 5

109 913 168 969 cito
182 912 212 968 in
225 911 346 986 patriam
361 910 510 968 restitutus
523 922 575 968 est.

149 1006 190 1064 ΙΙ,
231 1005 369 1064 Interfuit
388 1017 484 1063 autem
510 1023 616 1081 pugnae
639 1005 734 1062 navali
758 1007 832 1083 apud
859 1007 1017 1081 Salamina,

109 1119 172 1177 quae
201 1102 276 1159 facta
302 1112 347 1159 est
372 1098 462 1177 prihs,
489 1098 574 1175 qudm
601 1101 688 1177 poenai
714 1101 891 1160 liberaretur.
933 1103 1017 1159 Idem

109 1208 214 1273 praetor
225 1196 279 1254 fuit
290 1195 515 1254 Atheniensium
530 1196 605 1272 apud
626 1196 748 1254 Plataeas
773 1197 803 1255 iu
826 1199 936 1273 proelio,
960 1217 1017 1274 quo

109 1291 282 1350 Mardonius
296 1292 387 1363 fusus,
407 1291 655 1366 Barbarorumque
678 1292 822 1350 exercitus
846 1293 1015 1351 interfectus
1038 1293 1075 1351 10

108 1399 161 1446 est.
196 1386 300 1462 Neque
315 1386 393 1443 aliud
407 1397 451 1444 est
468 1386 559 1443 ullum
573 1385 659 1461 hujus
679 1386 710 1444 in
724 1405 755 1444 re
778 1387 896 1445 militari
907 1387 1016 1445 illustre

110 1483 228 1554 sactum,
243 1479 329 1556 quam
343 1481 430 1556 hujus
444 1480 556 1556 imperii
579 1480 736 1551 memoria;
755 1481 873 1556 justitiae
895 1480 963 1540 verd
987 1493 1017 1542 et

109 1576 250 1651 aequitatis
276 1587 305 1633 et
329 1575 503 1634 innocentiae
530 1576 639 1632 multa:
661 1575 691 1633 in
719 1575 828 1651 primis,
853 1575 929 1650 quod
954 1577 1016 1652 ejus

108 1671 241 1745 aequitate
253 1671 426 1742 factumest,
440 1688 529 1744 quum
543 1669 573 1725 in
585 1669 732 1727 communi
746 1670 838 1726 classe
849 1682 925 1727 esset
938 1671 1017 1727 Grae-

108 1765 161 1822 ciae
189 1765 274 1822 simul
302 1785 369 1822 cum
395 1764 551 1836 Pausaniai,
578 1783 634 1838 quo
658 1765 733 1821 duce
761 1763 932 1822 Mardonius
954 1777 1016 1825 erat
1038 1768 1075 1825 15

109 1861 233 1936 fugatus,
256 1874 288 1919 ut
314 1879 427 1917 summa
439 1859 552 1936 imperii
572 1858 709 1917 maritimi
731 1859 767 1915 ab
789 1858 1018 1917 Lacedaemoniis

109 1956 308 2013 transferretur
322 1955 358 2012 ad
373 1954 578 2012 Athenienses.
619 1953 753 2029 Namque
767 1966 833 2012 ante
854 1955 884 2010 id
904 1967 1017 2030 tempus

109 2061 138 2107 et
151 2050 223 2106 mari
237 2061 267 2108 et
279 2049 355 2107 terrai
364 2049 454 2108 duces
464 2048 777 2121 erantLacedaemonii,
820 2049 898 2106 Tum
922 2062 1017 2107 autem

108 2156 138 2202 et
148 2144 372 2219 intemperantia
380 2143 531 2201 Pausaniae
541 2143 687 2218 etjustitid
697 2144 805 2201 factum
816 2155 860 2200 est
868 2143 1015 2216 Aristidis,

109 2252 141 2307 ut
154 2259 254 2297 omnes
267 2239 326 2296 fere
341 2238 472 2296 civitates
486 2238 606 2295 Graeciae
629 2239 664 2294 ad
686 2237 911 2295 Atheniensium
926 2239 1016 2295 socie·
1035 2241 1074 2296 2⁰

109 2346 197 2392 tatem
213 2355 243 2392 se
259 2333 446 2410 applicarent,
471 2345 500 2391 et
525 2329 661 2390 advershs
685 2333 827 2391 Barbaros
851 2334 903 2390 hos
927 2334 1016 2390 duces

109 2430 269 2507 deligerent
283 2429 347 2502 sibi,
362 2427 419 2504 qud
434 2426 548 2486 sacilihs
568 2429 749 2504 repellerent,
771 2428 796 2485 si
815 2427 887 2486 forte
910 2429 1016 2486 bellum

110 2545 247 2584 renovare
262 2536 446 2582 conarentur.
674 2497 683 2525 ⁸

148 2620 205 2677 III.
247 2620 296 2676 Ad
310 2620 417 2676 classes
431 2618 615 2676 aedificandas
629 2617 829 2692 exercitusque
848 2637 1015 2693 comparan-

110 2716 160 2773 dos
173 2726 312 2790 quantum
336 2714 467 2790 pecuniae
488 2731 607 2788 quaeque
632 2712 733 2770 civitas
757 2713 848 2784 daret,
873 2712 1016 2770 Aristides
1035 2713 1076 2770 25

110 2811 238 2868 delectus
247 2821 300 2881 est,
311 2809 360 2884 qui
371 2809 566 2867 constitueret.
608 2808 680 2883 Ejus
692 2807 808 2865 arbitrio
819 2808 1018 2882 quadringena

110 2916 138 2962 et
151 2923 297 2980 sexagena
311 2904 420 2962 talenta
432 2903 586 2978 quotannis
609 2903 716 2958 Delum
737 2914 805 2959 sunt
828 2902 940 2960 collata.
981 2901 1016 2958 Id

109 2999 187 3056 enim
208 3017 361 3056 commune
382 2998 514 3055 aerarium
538 3015 601 3053 esse
625 2996 784 3052 voluerunt.
825 2995 902 3055 Quae
923 2994 1018 3052 omnis

111 3093 232 3171 pecunia
253 3105 367 3168 postero
390 3104 517 3167 tempore
542 3091 675 3148 Athenas
702 3090 840 3147 translata
864 3099 915 3146 est.
957 3089 1017 3147 Hic

110 3188 165 3269 quai
194 3187 280 3245 fuerit
308 3185 492 3258 abstinentie,
520 3185 631 3242 nullum
658 3196 702 3242 est
729 3183 836 3242 certius
864 3184 1014 3257 indicium,
1035 3185 1074 3243 30

110 3290 195 3359 quarn
209 3278 297 3355 quod,
311 3300 399 3355 quum
413 3280 502 3338 tantis
515 3280 601 3337 rebus
614 3279 784 3355 praesuisset,
806 3280 835 3336 in
857 3280 937 3337 tanta
948 3299 1017 3354 pau-

109 3387 219 3450 pertate
234 3375 368 3446 decessit,
383 3386 424 3446 ut,
438 3372 487 3430 nui
501 3374 659 3445 efferretur,
684 3374 731 3429 vix
751 3374 906 3448 reliquerit.
946 3374 1030 3445 Quo,

111 3469 218 3528 sactum
232 3479 285 3541 est,
300 3480 332 3526 ut
343 3469 408 3526 filie
419 3471 482 3544 ejus
489 3466 605 3544 publice
619 3468 772 3538 alerentur,
782 3480 811 3526 et
822 3469 858 3525 de
869 3467 1016 3543 communi
1065 3477 1067 3481 ’

304 3561 356 3620 20
