2392 4132
535 337 735 392 Hammona.

182 499 264 557 andri
280 498 390 576 Magni,
405 500 453 574 qui
474 512 537 576 post
563 500 673 558 obitum
700 500 763 576 ejus
784 497 904 574 imperia
927 508 1085 574 ceperunt:

182 593 212 650 in
227 594 271 651 his
295 595 470 670 Antigonus,
493 605 522 652 et
549 595 634 670 hujus
657 594 733 651 filius
757 593 932 665 Demetrius,
958 593 1087 668 Lysima-

180 690 262 760 chus,
278 689 428 762 Seleucus,
443 690 623 747 Ptolemaeus.
665 689 711 746 Ex
737 689 782 746 his
803 689 978 763 Antigonus,
998 709 1085 764 quum

181 782 317 840 adversus
332 785 487 841 Seleucum
501 784 762 858 Lysimachumque
773 783 933 855 dimicaret,
946 784 975 840 in
987 784 1087 858 proelio

140 874 160 935 ὅ
179 878 293 935 occisus
307 868 359 936 est.
400 878 467 935 Pari
481 879 539 936 leto
552 879 673 936 affectus
686 889 730 934 est
741 877 941 955 ‘Lysimachus
956 896 972 933 a
987 878 1094 944 Seleu·

180 992 223 1031 co.
265 973 342 1031 Nam
356 973 493 1032 societate
507 973 655 1045 dissoluta,
670 974 777 1030 bellum
792 972 865 1029 inter
880 992 910 1029 se
924 986 1084 1048 gesserunt.

180 1069 221 1126 At
235 1068 409 1141 Demetrius,
424 1088 511 1143 quum
526 1069 613 1125 filiam
636 1087 717 1127 suam
738 1069 861 1128 Seleuco
887 1067 917 1124 in
942 1068 1086 1124 matrimo-

179 1163 260 1219 nium
287 1163 422 1234 dedisset,
450 1182 542 1238 neque
564 1161 599 1221 ed
614 1162 705 1238 magis
727 1163 785 1219 fida
809 1165 882 1219 inter
896 1181 946 1219 eos
959 1162 1087 1220 amicitia

180 1277 297 1316 manere
311 1258 459 1334 potuisset,
474 1270 576 1334 captus
590 1258 674 1330 bello,
690 1258 720 1314 in
735 1257 866 1315 custodia
889 1276 970 1314 socer
984 1258 1086 1332 generi

124 1352 160 1411 lu
180 1354 264 1428 periit
276 1372 292 1410 a
306 1354 412 1411 morbo.
454 1352 558 1429 Neque
573 1354 613 1411 ita
626 1352 716 1411 multd
730 1352 796 1429 pdst
810 1354 951 1411 Seleucus
966 1353 1087 1411 aPtole·

178 1467 251 1507 maeo
275 1448 411 1506 Cerauno
434 1448 500 1506 dolo
524 1449 692 1507 interfectus
706 1459 766 1518 est3
787 1467 874 1523 quem
900 1447 958 1519 ille,
974 1459 1085 1523 epatre

179 1544 329 1619 expulsum
344 1544 539 1616 Alexandrea,
555 1543 712 1601 alienarum
726 1562 812 1619 opum
840 1542 1028 1617 indigentem,
1043 1562 1087 1600 re·

180 1649 303 1712 ceperat.
345 1637 412 1713 Ipse
427 1651 522 1695 autem
536 1638 718 1710 PtolemaeuS,
732 1656 820 1712 quum
839 1637 919 1694 vivus
942 1638 1002 1695 filio
1022 1658 1087 1714 reg·

179 1750 249 1788 num
263 1732 437 1805 tradidisset,
448 1734 484 1789 ab
498 1733 546 1791 illo
560 1734 661 1791 eodem
675 1732 734 1790 vita
747 1732 873 1807 privatus
883 1732 997 1790 dicitur.
1040 1734 1086 1791 De

123 1822 160 1882 15
180 1825 282 1899 quibus
296 1827 431 1901 quoniam
445 1825 515 1885 satis
529 1827 637 1886 dictum
651 1838 795 1902 putamus,
803 1846 861 1884 non
871 1827 1085 1886 incommodum

179 1920 291 1979 videtur
304 1940 362 1978 non
375 1922 520 1997 preterire
534 1922 732 1979 Hamilcarem
746 1934 775 1980 et
789 1922 997 1996 Hannibalem,
1013 1943 1085 2000 quos

179 2025 209 2072 et
233 2015 321 2072 animi
347 2016 547 2092 magnitudine
573 2028 603 2075 et
623 2017 781 2075 calliditate
803 2035 905 2076 omnes
928 2018 959 2076 in
985 2019 1086 2077 Africa

179 2121 262 2168 natos
275 2111 440 2187 prestitisse
453 2123 575 2171 coastat

520 2293 751 2312 m

407 2422 511 2482 XXII.
553 2422 854 2484 HAMILCAR.

217 2576 241 2636 I.
282 2578 448 2654 Hamilcar,
469 2580 649 2640 Hannibalis
660 2582 756 2659 filius,
772 2582 933 2657 cognomine
955 2581 1083 2655 Bareas,

118 2669 159 2731 20
181 2672 442 2748 Carthaginiensis,
470 2676 562 2750 primo
585 2677 704 2735 Poenico
725 2678 810 2750 bello,
836 2679 885 2734 sed
908 2678 1085 2754 temporibus

178 2768 323 2841 extremis,
346 2769 499 2828 admodum
529 2771 760 2829 adolescentulus
782 2772 812 2829 in
839 2772 940 2830 Sicilia
960 2791 1084 2848 praeesse

177 2863 265 2940 capit
278 2863 426 2922 exercitui.
466 2864 567 2927 Quum
584 2877 649 2924 ante
664 2867 726 2942 ejus
739 2868 893 2926 adventum
906 2879 936 2925 et
959 2868 1032 2925 mari
1055 2879 1085 2926 et

177 2958 254 3016 terra
268 2957 343 3016 ruald
364 2979 409 3016 res
432 2972 600 3035 gererentur
624 2961 918 3038 Carthaginiensium,
944 2961 1015 3038 ipse,
1035 2960 1084 3019 ubi

178 3053 279 3127 adfuit,
307 3073 455 3129 nunquam
482 3055 557 3114 hosti
584 3056 680 3129 cessit,
708 3076 802 3131 neque
835 3057 931 3114 locum
957 3057 1084 3114 nocendi

117 3147 158 3205 25
177 3147 275 3218 dedit3
298 3149 430 3224 saepdque
444 3169 460 3206 e
475 3151 629 3223 contrario,
649 3152 802 3210 occasione
824 3151 902 3224 data,
926 3152 1084 3225 lacessivit,

177 3259 345 3315 semperque
357 3243 484 3317 superior
505 3244 645 3303 discessit.
685 3246 756 3307 Quo
780 3247 866 3318 facto,
891 3266 980 3321 quum
1001 3264 1084 3323 paene

175 3336 274 3393 omnia
288 3336 317 3392 in
332 3337 434 3395 Sicilia
447 3338 531 3396 Poeni
545 3341 717 3414 amisissent,
732 3341 780 3400 ille
795 3342 919 3418 Erycem
934 3343 977 3401 sic
986 3345 1085 3402 defeu-

176 3428 229 3500 dit,
244 3440 276 3486 ut
290 3431 397 3488 bellum
410 3452 446 3491 eo
465 3433 530 3492 loco
550 3446 663 3510 gestum
688 3455 746 3495 non
767 3437 920 3496 videretur.
961 3438 1085 3496 Interim

177 3523 434 3600 Carthaginienses
460 3530 554 3588 classe
580 3532 656 3607 apud
684 3532 793 3590 insulas
820 3533 941 3610 AEgates
968 3552 986 3591 a
1012 3533 1086 3593 Caio
