2392 4132
109 319 164 377 [04
519 330 716 379 HANNIBAL.

166 487 352 563 suscipiendo
373 487 546 558 instituerat,
559 483 677 561 propius
698 484 811 557 Tiberi,
826 484 915 560 qudm
936 488 1078 546 Thermo·

165 581 250 658 pylis‚
266 582 302 637 de
317 581 430 638 summa
444 579 555 655 imperii
571 578 746 636 dimicdsset.
793 579 893 640 Quem
914 582 969 639 etsi
989 585 1081 640 multa

166 673 252 733 stulte
268 675 367 733 conari
382 675 507 747 videbat,
522 685 618 732 tamen
633 674 713 731 nulld
727 674 853 732 deseruit
867 674 897 731 in
916 694 955 732 re.
1004 677 1080 734 Prae-

166 769 220 826 fuit
239 769 341 845 paucis
361 769 494 843 navibus,
507 789 579 844 ques
593 789 630 827 ex
644 768 728 845 Syriai
745 768 842 844 jussus
855 780 918 827 erat
931 769 962 826 in
976 771 1079 828 Asiam

127 866 148 923 ὅ
169 865 288 936 ducere,
316 864 417 940 hisque
442 863 579 923 adversus
599 863 782 922 Rhodiorum
802 865 924 922 classem
944 864 974 921 in
995 864 1080 921 Pam·

164 958 263 1035 phylio
276 959 349 1016 mari
363 958 502 1017 conflixit.
543 958 614 1019 Quo
634 977 723 1035 quum
743 957 927 1016 multitudine
949 959 1079 1016 adversa·

164 1052 273 1110 riorum
288 1054 333 1111 sui
347 1064 560 1131 superarentur,
575 1052 647 1128 ipse,
661 1072 718 1128 quo
733 1072 824 1112 cornu
837 1071 898 1110 rem
912 1053 1011 1129 gessit,
1026 1053 1081 1112 fuit

165 1147 303 1224 superior.

206 1243 261 1300 IX.
304 1242 453 1300 Antiocho
480 1244 589 1318 fugato,
617 1262 720 1300 verens
750 1262 787 1299 ne
814 1243 978 1316 dederetur,
1005 1244 1080 1318 quod

109 1337 146 1394 10
167 1336 230 1394 sine
247 1337 337 1394 dubio
360 1335 523 1408 accidisset,
539 1335 563 1393 si
577 1337 623 1394 sui
637 1336 754 1395 fecisset
767 1349 949 1412 potestatem,
965 1338 1080 1396 Cretam

169 1432 205 1487 ad
220 1430 375 1506 Gortynios
388 1430 477 1504 venit,
492 1442 524 1488 ut
538 1431 588 1504 ibi,
610 1430 667 1506 qub
689 1451 720 1489 se
741 1433 896 1505 conferret,
918 1433 1081 1491 considera·

166 1536 219 1584 ret
262 1525 345 1583 Vidit
366 1536 463 1583 autem
484 1525 526 1583 vir
546 1525 676 1584 omnium
697 1526 912 1601 callidissimus,
926 1547 1032 1604 magno
1050 1547 1081 1586 se

167 1621 227 1679 fore
253 1620 393 1696 pericu10,
415 1619 472 1677 nisi
492 1620 561 1695 quid
588 1620 769 1697 providisset,
790 1634 905 1697 propter
933 1622 1080 1681 avaritiam

169 1715 362 1774 Cretensium.
405 1713 545 1790 Magnam
560 1714 639 1772 enim
655 1735 754 1773 secum
768 1715 926 1791 pecuniam
939 1717 1080 1791 portabat,

111 1811 148 1868 15
168 1810 205 1867 de
219 1810 277 1885 qud
297 1809 409 1868 sciebat
429 1808 523 1867 exisse
545 1811 660 1866 samam.
702 1809 804 1885 Itaque
819 1810 897 1885 capit
910 1811 967 1868 tale
979 1811 1082 1869 consil·

169 1904 239 1961 ium.
282 1905 446 1979 Amphoras
467 1903 629 1979 complures
650 1904 775 1979 complet
795 1904 930 1979 plumb0;
956 1924 1082 1963 summas

167 1999 259 2075 operit
281 2018 350 2057 auro
371 2010 400 2056 et
422 2010 549 2074 argento.
592 1997 665 2070 Has,
680 1997 871 2074 praesentibus
891 1997 1081 2074 principibus,

167 2093 287 2170 deponit
313 2093 473 2169 intemplo
500 2092 614 2165 Dianae,
636 2092 785 2164 simulans,
807 2112 838 2149 se
862 2111 929 2149 suas
954 2093 1082 2151 fortunas

168 2190 281 2248 illorum
296 2190 362 2247 fidei
377 2189 504 2247 credere.
547 2187 603 2245 His
616 2187 647 2244 in
668 2207 793 2246 errorem
815 2186 952 2259 inductis,
973 2198 1083 2247 statuas

107 2287 148 2343 20
169 2304 275 2357 aeneas,
296 2304 367 2360 quas
388 2303 487 2340 secum
507 2283 649 2358 portabat,
663 2300 764 2339 omnes
786 2281 840 2338 sud
860 2281 987 2357 pecuniA
1007 2299 1084 2340 com·

167 2380 236 2455 piet,
258 2398 364 2454 easque
387 2378 416 2434 in
437 2377 587 2454 propatulo
601 2377 678 2434 domi
700 2376 808 2453 abjicit.
859 2375 992 2451 Gortynii
1014 2388 1084 2435 tem·

167 2476 246 2551 plum
267 2473 374 2548 magni
394 2472 466 2530 curd
486 2472 662 2546 custodiunt,
676 2492 735 2530 non
755 2487 813 2530 tam
828 2491 846 2530 a
859 2472 982 2544 caeteris,
995 2471 1082 2546 qudm

170 2571 207 2626 ab
233 2568 411 2641 Hannibale,
436 2587 474 2625 ne
496 2567 565 2643 quid
587 2567 645 2641 ille,
669 2567 860 2626 inscientibus
883 2567 938 2640 his,
960 2567 1083 2640 tolleret,

169 2682 326 2737 secumque
341 2663 469 2720 duceret.

109 2762 149 2819 25
209 2758 248 2816 X.
292 2757 343 2815 Sic
365 2757 541 2815 conservatis
563 2757 623 2814 suis
644 2757 741 2831 rebus,
755 2757 875 2830 Poenus,
900 2756 993 2815 illusis
1014 2756 1086 2815 Cre-

170 2853 301 2913 tensibus
335 2851 480 2925 omnibus,
508 2852 543 2909 ad
575 2851 707 2909 Prusiam
735 2852 765 2909 in
793 2853 917 2911 Pontum
942 2852 1083 2927 pervenit.

170 2951 259 3027 Apud
272 2967 358 3025 quem
372 2948 474 3005 eodem
489 2946 586 3005 animo
604 2946 659 3004 fuit
672 2966 742 3022 erga
755 2946 881 3019 Italiam,
895 2965 990 3021 neque
1005 2946 1085 3005 aliud

168 3045 324 3121 quidquam
343 3042 413 3119 egit,
432 3040 519 3118 quim
546 3061 643 3118 regem
660 3041 780 3100 armavit
798 3053 827 3098 et
840 3041 972 3100 exercuit
986 3043 1086 3100 adver·

170 3138 220 3196 sus
242 3139 400 3197 Romanos.
451 3136 552 3198 Quem
572 3155 660 3211 quum
681 3136 791 3194 videret
811 3136 978 3195 domesticis
997 3137 1086 3196 rebus

109 3234 151 3293 8⁰
169 3231 267 3291 miuus
280 3252 344 3290 esse
358 3233 517 3304 robustum,
532 3232 708 3290 conciliabat
728 3244 848 3290 caeteros
867 3252 961 3309 reges,
983 3233 1086 3309 adjun-

170 3328 257 3405 gebat
277 3327 429 3384 bellicosas
450 3327 590 3385 nationes.
632 3325 799 3384 Dissidebat
819 3327 855 3382 ab
875 3346 911 3385 eo
931 3327 1087 3403 Pergame-

171 3442 227 3481 nus
252 3441 313 3494 rex,
334 3421 492 3495 Eumenes,
518 3421 663 3480 Romanis
691 3421 894 3495 amicissimus,
919 3422 1086 3499 bellumque

171 3516 246 3577 inter
260 3534 310 3576 eos
323 3517 477 3593 gerebatur
490 3527 521 3577 et
534 3516 607 3575 mari
620 3527 650 3575 et
663 3516 757 3575 terri:
777 3514 835 3591 qud
844 3516 938 3595 magis
947 3516 1086 3594 cupiebat
