2392 4132
467 333 678 382 sensimus.
1044 325 1085 384 rt»

113 493 278 570 Agesileiis,
300 493 397 552 multis
424 493 495 551 loeis
515 493 698 570 expugnetis,
719 493 826 568 magud
846 503 908 550 erat
927 490 1025 568 praedd

112 590 226 666 potitus.
279 589 358 648 Laoo
390 601 496 662 autem,
521 608 610 664 quum
640 589 750 646 videret
779 589 874 645 hostes
895 586 1024 662 equitatu

112 703 257 760 superare,
277 702 425 759 nunquam
440 684 470 741 in
484 703 586 760 eampo
600 683 645 741 sui
660 682 730 741 feeit
739 693 920 759 potestatem,
935 693 965 740 et
979 681 1025 739 his

113 779 184 836 loeis
203 794 321 837 menum
342 778 498 852 conseruit,
532 779 636 854 quibus
662 777 728 854 plirs
761 779 909 854 pedestres
933 777 1024 854 eopia

113 874 249 932 valerent.
305 874 427 949 Repulit
439 892 519 950 ergo,
533 873 770 949 quotiescumque
783 892 956 950 congressus
969 884 1023 946 est,
1043 874 1064 931 5

112 967 203 1027 multd
224 969 347 1046 majores
368 968 595 1027 adversariorum
609 967 717 1045 copies,
732 968 818 1027 etsie
832 968 862 1025 in
877 967 950 1026 Asid
964 987 1024 1025 rer·

113 1074 192 1121 sutus
206 1075 259 1137 est,
274 1076 306 1122 ut
318 1064 448 1122 omnium
461 1063 598 1141 opinione
610 1063 701 1121 vietor
715 1065 878 1122 duceretur.

152 1159 205 1216 lV.
247 1159 307 1217 Hie
326 1178 415 1235 quum
433 1158 494 1236 jem
515 1159 613 1217 animo
631 1160 819 1218 meditaretur
832 1158 978 1236 proficisci
993 1158 1023 1216 in

112 1255 225 1327 Persas,
240 1266 270 1313 et
290 1255 384 1331 ipsum
398 1255 513 1332 Regem
529 1254 644 1328 adoriri,
659 1255 779 1312 nuntius
799 1255 826 1312 ei
847 1255 932 1312 domo
946 1253 1025 1312 venit

112 1350 250 1427 ephorum
262 1350 355 1426 jussu,
371 1351 477 1408 bellurn
491 1350 688 1408 Athenienses
701 1361 730 1408 et
744 1350 870 1409 Boeotios
885 1349 1023 1408 indixisse
1045 1350 1084 1408 lu

112 1445 361 1504 Laeedaemoniis:
383 1465 470 1522 quare
485 1445 583 1503 venire
596 1465 634 1503 ne
649 1445 801 1504 dubitaret.
844 1445 880 1502 ln
894 1446 949 1503 hoo
964 1464 1022 1503 non

112 1539 208 1598 minus
222 1540 285 1617 ejus
304 1540 396 1617 pietas
417 1540 603 1618 suspicienda
622 1552 676 1613 est,
692 1538 778 1616 quim
799 1541 889 1598 virtus
909 1540 1022 1598 bellica.

111 1637 174 1698 Qui
190 1655 278 1712 quum
293 1636 394 1695 vietori
414 1647 550 1713 preesset
570 1635 721 1708 exercitui,
741 1635 953 1711 maximumque
974 1637 1024 1693 he·

112 1731 193 1789 beret
206 1731 343 1788 fiduciam
356 1731 440 1808 regni
453 1731 606 1789 Persarum
620 1730 769 1807 potiundi;
790 1732 871 1797 tantis
882 1731 1023 1789 mo‘destii

111 1827 190 1885 dioto
210 1827 332 1884 audiens
353 1827 406 1885 fuit
423 1827 511 1904 jussis
525 1827 688 1885 absentium
705 1827 935 1903 magistratuum,
954 1837 987 1884 ut
999 1826 1024 1883 si
1047 1828 1084 1884 15

26 1923 29 1927 ’
111 1921 238 1998 privatus
260 1921 289 1978 in
316 1921 434 1981 comitio
460 1934 537 1981 esset
564 1922 684 1999 Sparte.
739 1922 832 1999 Cujus
859 1923 1023 1999 exemplum

112 2017 222 2074 utinum
243 2017 429 2094 imperatores
449 2017 540 2076 nostri
560 2018 642 2094 sequi
662 2017 838 2076 voluissent!
881 2018 940 2075 Sed
955 2018 1024 2076 illue

111 2114 272 2171 redeamus.
324 2113 480 2190 Agesileiis
502 2114 721 2190 opulentissimo
749 2133 840 2190 regno
868 2115 1022 2190 preposuit

112 2208 216 2266 bonum
237 2206 490 2282 existimationem,
518 2207 666 2284 multoque
699 2206 852 2285 gloriosius
878 2207 970 2281 duxit,
999 2207 1023 2265 si

112 2289 251 2362 institutis
274 2303 375 2380 patrius
401 2303 554 2380 paruisset,
581 2301 668 2380 quim
694 2304 719 2363 si
748 2305 823 2363 bello
860 2303 1023 2380 superdsset
1042 2304 1082 2361 20
1124 2314 1129 2323 ’

112 2398 223 2456 Asiani.
265 2399 334 2458 Hte
348 2398 435 2476 igitur
449 2411 547 2458 mente
558 2399 781 2476 Hellespontum
792 2400 890 2476 copies
899 2399 1022 2476 trajecit,

112 2494 248 2570 tentique
263 2513 332 2553 usus
353 2506 397 2553 est
410 2494 568 2568 eeleritate,
582 2506 624 2567 ut,
639 2496 715 2571 quod
736 2495 789 2554 iter
810 2495 925 2553 Xerxes
945 2514 1023 2553 anno

103 2599 241 2647 ,vertente
274 2591 449 2662 oonleoeret,
484 2589 533 2648 hio
572 2589 719 2649 transierit
751 2589 871 2667 triginta
911 2591 1021 2648 diebus.

110 2684 212 2745 Quum
232 2683 292 2761 jam
306 2685 383 2743 haud
397 2684 438 2744 ita
451 2684 538 2763 longe
553 2687 667 2745 abesset
681 2705 698 2744 a
711 2686 920 2763 Peloponneso,
934 2685 1024 2745 obsis·

112 2789 172 2837 tere
186 2779 214 2837 ei
228 2780 325 2838 ooneti
339 2791 407 2839 sunt
422 2781 621 2840 Athenienses
634 2794 663 2841 et
678 2781 792 2856 Boeotii,
808 2782 960 2857 eaeterique
974 2801 1021 2838 eo-
1039 2782 1081 2839 25

111 2894 175 2932 rum
195 2874 277 2948 socii,
299 2876 375 2952 apud
396 2876 576 2946 Coroneam
608 2896 679 2952 quos
698 2895 800 2934 omnes
820 2876 900 2952 gravi
920 2876 1022 2951 proelio

111 2968 188 3026 vieit.
231 2969 328 3046 Hujus
342 2969 469 3028 vietoriae
484 2971 528 3027 vel
542 2970 668 3027 maxima
682 2969 735 3028 fuit
744 2970 817 3042 laus,
832 2968 919 3045 qudd,
933 2988 1022 3046 quum

109 3062 239 3140 plerique
259 3082 296 3124 ex
316 3065 385 3140 fugi
405 3085 437 3123 se
457 3064 488 3123 in
507 3065 646 3141 templum
665 3063 805 3122 Minervie
819 3064 1038 3141 conjecissent·

110 3169 342 3234 quaerereturque
363 3161 400 3218 ab
420 3180 465 3234 eo,
486 3159 555 3236 quid
576 3160 622 3218 his
641 3160 704 3219 fieri
724 3161 819 3235 vellet,
840 3161 894 3220 etsi
916 3162 1023 3243 aliquot

110 3254 230 3311 vulnere
241 3267 394 3331 acceperat
405 3275 439 3313 eo
449 3256 559 3331 proelio,
571 3268 601 3314 et
615 3256 704 3317 iratus
715 3256 866 3316 videbatur
875 3258 1021 3332 omuibus,
1041 3260 1082 3318 tt

109 3348 160 3424 qui
174 3347 311 3408 adversim
326 3351 666 3426 armatulerant,tu1uen
688 3351 820 3410 antetulit
841 3351 889 3410 irie
910 3353 1023 3430 religio-

109 3460 189 3517 nem,
210 3455 239 3503 et
259 3463 309 3502 eos
329 3445 419 3504 vetuit
438 3444 546 3503 violari.
588 3445 692 3521 Neque
713 3444 780 3504 verd
802 3448 856 3505 hoe
878 3446 969 3506 solim
991 3448 1021 3506 in

109 3538 227 3598 Graeoid
247 3539 326 3614 feeit,
347 3551 380 3599 ut
399 3541 507 3621 templa
529 3541 648 3600 deorum
676 3553 777 3601 saneta
805 3543 942 3613 haberet;
969 3542 1021 3601 sed
