2392 4132
493 320 694 406 laruatust..
1049 314 1102 374 lttl

130 479 212 538 berio
225 479 328 556 Longo
342 479 418 554 apud
433 479 573 538 Trebiam
594 477 730 539 adversirs
750 500 818 539 eum
839 480 926 540 venit
967 482 1045 541 Cum

130 575 176 632 his
196 592 315 631 manum
335 573 499 645 conseruit3
521 587 656 651 utrosque
676 575 846 652 profligavit.
897 575 973 635 Inda
993 596 1044 653 par

129 669 253 746 Ligures
280 668 470 744 Apenninum
496 669 609 742 transit,
636 681 739 746 petens
766 670 921 730 Etruriam.
975 670 1043 731 Ηοο

129 764 233 823 itinere
254 763 327 821 adad
349 763 429 840 gravi
449 764 549 822 morbo
570 764 693 823 afficitur
713 766 873 838 oculorum,
891 777 923 824 ut
943 777 1044 842 postet

129 878 278 935 nunquam
292 859 411 917 dextero
424 855 505 935 aqud
520 859 595 916 bene
609 879 679 917 usus
699 860 744 918 sit.
785 859 856 922 Qua
876 860 1042 920 valetudiue
1060 862 1083 921 6

128 974 217 1030 quum
237 953 406 1013 etiamnunc
432 964 620 1029 premeretur,
647 953 810 1029 leotiodque
837 955 975 1024 ferretum
1005 954 1032 1013 C

129 1048 306 1107 Flaminium
320 1048 479 1106 Consulem
500 1048 576 1123 apud
597 1047 804 1106 Trasimenum
816 1067 891 1113 ,oum
910 1049 1041 1107 exercitu

129 1143 242 1201 insidiis
266 1143 496 1201 oiroumventum
518 1141 645 1212 oeoidit3
680 1162 774 1219 neque
798 1142 889 1202 multd
915 1141 981 1220 pdst
1005 1143 1040 1202 C.

129 1237 305 1296 Centenium
326 1236 492 1310 Praetorem,
513 1257 581 1295 oum
601 1237 715 1296 deleottl
735 1257 824 1295 manu
845 1239 936 1297 saltus
954 1258 1042 1297 ooou·

128 1345 254 1411 pontem.
309 1332 390 1390 Hine
410 1332 441 1391 in
462 1333 600 1409 Apuliam
620 1333 759 1409 pervenit.
810 1333 857 1391 Ibi
877 1332 992 1407 obrjbm
1011 1333 1039 1393 ei
1062 1336 1101 1395 1⁰

128 1440 270 1487 venerunt
296 1429 354 1487 duo
382 1428 536 1502 Consules,
564 1428 599 1487 C.
627 1428 786 1487 Terentius
812 1440 842 1487 et
868 1429 902 1486 L.
932 1429 1041 1488 Paulus

129 1525 274 1582 AEmilius.
335 1523 491 1599 Utriusque
517 1523 663 1582 exereitus
700 1543 759 1582 uno
785 1523 886 1599 proelio
913 1524 1038 1600 fugarit3

128 1619 252 1677 Paulum
273 1619 431 1677 Consulem
451 1619 569 1692 oooidit,
590 1630 620 1677 et
641 1618 748 1693 aliquot
768 1629 908 1694 praeterea
927 1619 1041 1678 Consu·

127 1714 213 1788 lares,
239 1713 269 1771 in
293 1713 339 1771 his
368 1712 424 1771 Cn.
450 1713 604 1771 Servilium
628 1712 796 1786 Geminum,
820 1712 869 1788 qni
894 1713 1040 1790 superiore

129 1809 311 1867 annofuerat
324 1807 444 1866 Consul.
1062 1808 1100 1867 15

166 1904 204 1961 V.
245 1902 313 1961 Hae
333 1903 432 1979 pugni
445 1903 575 1980 pugnaui
589 1903 716 1961 Romam
733 1903 880 1979 profectus
895 1914 949 1975 est,
961 1903 1041 1961 nullo

127 1999 289 2059 resistente.
331 1998 366 2055 In
388 1997 554 2074 propinquis
575 1998 655 2056 urbis
675 1998 822 2056 montibus
842 2009 971 2055 moratus
986 2008 1039 2057 est

105 2086 108 2092 ’
126 2094 229 2157 Quum
250 2093 356 2168 aliquot
370 2092 411 2149 ibi
431 2093 494 2151 dies
514 2104 609 2151 castra
629 2093 786 2165 habuisset,
800 2104 830 2151 et
850 2102 1040 2151 reverteretur

127 2188 280 2264 Capuam;
306 2188 347 2249 Q.
369 2187 478 2245 Fabius
499 2186 657 2260 Maximus,
678 2187 801 2245 dictator
822 2187 986 2258 Romanus,
1008 2186 1039 2245 in

127 2301 197 2359 agro
218 2282 343 2341 Falerno
363 2302 394 2340 se
414 2282 443 2341 ei
462 2282 579 2358 objecit.
623 2280 683 2339 Hio
704 2283 819 2340 olausus
840 2282 969 2340 looorum
990 2301 1039 2340 an·
1058 2283 1101 2343 20

126 2377 241 2455 gustus,
256 2389 343 2436 noctu
358 2377 421 2435 sine
434 2378 494 2435 ullo
514 2376 687 2435 detrimento
706 2376 853 2435 exereitirs
874 2396 905 2435 se
925 2375 1040 2452 expedi·

128 2472 185 2543 vit;
207 2471 308 2545 Fabio,
322 2471 509 2530 callidissimo
523 2471 697 2546 imperatori,
712 2472 800 2529 verba
819 2472 907 2529 dedit.
948 2471 1040 2542 Narn-

125 2587 182 2644 que
208 2568 334 2627 obducta
361 2578 447 2625 noete
468 2577 613 2624 sarmenta
633 2565 664 2622 in
685 2565 823 2623 cornibus
848 2565 1039 2640 juveneorum

125 2663 253 2738 deligata
265 2662 405 2734 incendit,
417 2661 535 2738 ejusque
545 2660 662 2737 generis
676 2660 892 2718 multitudinem
904 2678 1041 2736 magnam

125 2757 297 2834 dispalatam
311 2756 437 2814 immisit.
478 2757 549 2818 Quo
560 2756 711 2832 repentino
721 2756 839 2831 objectu
853 2755 914 2812 viso
927 2765 1040 2812 tantum
1059 2754 1101 2813 25

125 2863 265 2910 terrorem
279 2850 380 2928 injecit
400 2850 540 2909 exercitui
561 2851 771 2922 Romanorum,
786 2861 819 2908 ut
838 2849 938 2925 egredi
958 2862 1041 2906 extra

126 2946 233 3005 vallum
246 2965 332 3004 nemo
346 2945 384 3004 sit
398 2965 493 3003 ausus.
536 2944 624 3003 Hane
637 2956 701 3020 post
714 2964 775 3001 rem
790 2955 900 3020 gestam
920 2962 978 3001 non
1001 2942 1042 3001 ita

127 3040 225 3098 multis
241 3039 354 3112 diebus,
376 3038 418 3097 M.
441 3039 606 3097 Minucium
626 3039 749 3112 Rufum,
770 3037 939 3113 magistrum
961 3037 1040 3112 equi-

127 3144 199 3207 tum,
226 3134 288 3211 pari
316 3154 351 3192 ao
372 3135 543 3193 dictatorem
570 3133 700 3210 imperio,
722 3133 787 3191 doto
813 3133 985 3208 productum
1006 3131 1037 3189 in

126 3230 270 3306 proelium,
293 3229 409 3304 fugavit.
451 3228 500 3287 Ti.
517 3228 719 3304 Sempronium
740 3228 917 3298 Graoohum,
935 3225 1038 3284 iterum
1059 3226 1100 3285 30

125 3324 296 3397 Consulem,
324 3323 353 3380 in
382 3322 510 3407 Lucanis
539 3323 653 3395 absens,
681 3323 712 3381 in
740 3322 859 3380 insidias
886 3313 1109 3479 inductum*

125 3417 249 3477 sustulit.
292 3417 334 3475 M.
358 3417 514 3475 Claudium
539 3416 722 3489 Marcellum,
749 3415 901 3491 quinquies
926 3414 1073 3485 Consu*-
1100 3444 1112 3485 .·,

124 3512 193 3589 lem,
208 3513 285 3591 apud
299 3513 464 3589 Venusiam⁴
472 3512 534 3589 pari
548 3511 634 3570 modo
647 3510 800 3570 interseeit.
848 3510 981 3588 Longmn
995 3519 1040 3569 est

443 3608 464 3665 9
478 3606 495 3643 a
