2392 4132
470 319 676 403 annotinas.
1046 311 1087 367 69

115 477 174 553 ide,
191 479 241 555 qni
267 479 361 538 filium
386 480 513 538 habebat
533 480 681 553 infamem,
703 476 837 553 maleque
855 497 923 536 eum
945 478 975 535 in
990 498 1025 536 eo
1059 498 1062 504 ¹

113 576 214 652 patriae
228 577 379 634 eonsulere
393 575 522 634 diceret:
550 576 631 649 Vide,
655 575 759 651 inquit,
774 594 807 632 ue
821 582 852 632 tu
861 571 948 650 qurls
962 592 1027 630 ιονι-

113 672 202 743 sulas,
217 673 268 747 qui
281 671 365 729 tulum
378 691 409 728 eu
423 679 450 728 te
463 679 562 728 nutum
575 671 726 728 relicturus
749 671 797 727 sis.
838 669 938 745 Neque
959 665 1026 727 uerd

113 766 204 842 stirps
218 767 289 823 miti
295 774 393 842 potest
406 765 517 830 deesse-
537 785 656 842 numque
669 785 701 823 eu
718 785 760 822 me
780 773 879 822 nutam
897 765 1025 840 relinquo

109 880 241 938 pugnam
254 862 449 934 Leuctricam,
463 880 527 938 qum
539 881 596 918 uon
616 859 698 920 modd
711 861 781 918 miti
804 869 956 937 superstes,
977 860 1028 918 sed
1045 861 1066 918 5

112 957 199 1014 mum
212 956 380 1013 immertalis
401 957 441 1013 sit
464 974 573 1013 neeesse
597 964 647 1014 est.
696 955 768 1017 Quo
789 967 926 1032 tempore,
949 956 1026 1013 duee

112 1049 262 1126 Pelopida,
276 1051 376 1109 exules
390 1050 510 1108 Thebas
522 1051 714 1128 occuparunt,
723 1062 752 1109 et
760 1050 926 1126 presidium
936 1051 1026 1109 Laee-

113 1145 320 1204 dasmoniorum
334 1165 370 1206 ex
385 1165 452 1204 aree
473 1147 655 1222 expulerunt,
679 1145 906 1223 Epaminondas,
927 1166 1025 1222 quam·

113 1242 163 1300 diu
177 1243 254 1301 sacta
267 1253 312 1303 est
325 1243 420 1299 eaedes
434 1241 552 1314 uirium,
567 1242 653 1300 domo
667 1262 698 1300 se
710 1242 820 1300 tenuit:
841 1240 919 1318 qudd
929 1262 1024 1318 neque

109 1332 203 1396 ‘rudos
217 1338 374 1395 defendere
392 1336 515 1409 volebat,
532 1355 632 1412 ,neque
655 1337 835 1413 impugnare,
858 1356 896 1394 ne
920 1357 1024 1394 manus
1046 1338 1083 1396 10

113 1452 230 1491 suorum
252 1431 395 1508 sanguine
415 1442 580 1490 cruentaret
591 1451 599 1501 ;
630 1450 755 1506 namque
773 1451 890 1490 ornnem
909 1432 1024 1490 civilem

113 1528 262 1592 vietoriam
290 1529 434 1586 funestam
460 1529 588 1603 putabat.
644 1527 737 1600 Idem,
764 1540 916 1604 postquam
948 1529 1024 1603 apud

112 1623 273 1682 Cadmeam
296 1622 420 1698 pugnari
441 1641 509 1680 eum
531 1622 762 1680 Laeedaemoniis
783 1634 909 1697 ooeptum
924 1634 977 1694 est,
993 1621 1023 1680 in

112 1720 210 1796 primis
237 1719 324 1777 stetit.
367 1718 464 1794 Hujus
491 1719 527 1775 de
554 1717 707 1776 virtutibus
731 1717 846 1792 vitatque
874 1715 944 1775 satis
968 1717 1023 1776 erit

111 1815 232 1888 dietum,
247 1815 272 1872 si
286 1816 342 1873 hoo
355 1834 446 1872 unum
461 1814 629 1891 adjunxero,
644 1815 720 1890 quod
734 1832 820 1870 nemo
833 1824 881 1871 eat
900 1812 1023 1886 inficias,
1046 1816 1083 1873 15

112 1910 232 1969 Thebas
245 1922 275 1969 et
289 1922 356 1969 ante
370 1910 603 1986 Epaminondam
617 1922 728 1983 natum,
741 1920 848 1986 etpost
871 1909 935 1984 ejus
952 1909 1025 1968 inte·

112 2004 208 2079 ritum,
235 2003 375 2082 perpetui>
403 2005 498 2064 alieno
521 2005 650 2083 paruisse
677 2004 815 2080 imperi03
850 2017 950 2064 eontra
977 2025 1022 2078 ea,

111 2101 248 2176 quamdiu
269 2101 318 2159 ille
342 2099 489 2176 praefuerit
512 2100 689 2177 reipublice,
712 2111 800 2175 eaput
824 2099 912 2158 fuisse
935 2101 1024 2159 totins

111 2196 241 2255 Graeeiae.
283 2196 330 2254 Ex
343 2215 400 2272 quo
414 2195 538 2273 intelligi
551 2207 656 2272 potest,
670 2214 762 2285 unupn
776 2194 923 2254 hominem
933 2197 1023 2273 pluris

111 2289 196 2366 qudm
210 2290 357 2377 civitatem
372 2290 470 2348 luisse.
1042 2292 1082 2350 20

467 2500 666 2515 Μ

337 2671 423 2731 XVI.
466 2669 794 2729 PELOPIDAS.

148 2862 173 2920 I.
215 2860 388 2937 Pelopidas,
421 2860 584 2934 flebamus,
619 2860 712 2936 magis
747 2861 902 2932 historicis,
936 2881 1023 2936 quam

111 2959 205 3035 vulgo,
219 2969 314 3016 notus.
356 2955 448 3032 Cujus
457 2956 493 3012 de
505 2955 659 3013 virtutibus
670 2954 770 3010 dubito
778 2955 1021 3028 quemadmodum

110 3071 261 3130 exponam,
286 3050 364 3126 qudd
388 3069 498 3122 vereor,
520 3069 568 3122 ne,
591 3049 616 3105 si
640 3067 687 3106 res
707 3047 851 3123 explicare
874 3047 1021 3124 incipiam,

110 3167 166 3207 non
181 3148 270 3205 vitam
284 3147 347 3223 ejus
361 3165 506 3218 enarrare,
521 3145 571 3203 sed
587 3143 735 3203 historiam
754 3143 852 3201 videar
874 3143 1020 3215 seribere;

109 3243 347 3303 sitantummodo
361 3260 488 3299 summas
503 3241 634 3316 attigero,
657 3259 695 3297 ne
719 3240 839 3297 rudibus
860 3240 1020 3299 litterarum
1041 3244 1081 3301 25

109 3339 277 3398 Graeuarum
291 3335 388 3394 minus
401 3335 499 3394 lucide
515 3347 659 3411 appareat,
674 3346 798 3410 quantus
810 3335 895 3394 fuerit
907 3336 955 3394 ille
970 3337 1019 3393 vir.

109 3432 210 3510 Itaque
225 3433 339 3508 utrique
353 3432 395 3490 rei
408 3450 570 3503 occurram,
585 3428 723 3506 quantiam
743 3412 852 3506 potero,
873 3443 903 3490 et
926 3433 1022 3489 mede·

109 3529 159 3591 bor
171 3549 260 3607 quum
274 3529 400 3589 satietati
414 3539 477 3586 tum
492 3526 661 3604 ignorantia
675 3527 1022 3586 lecturum-Phrebidas
