2392 4132
423 299 710 355 rueutsrcctss.
776 333 783 351 ·
1045 298 1082 355 18

112 481 202 539 quum
216 463 286 522 satls
313 464 435 524 altitudo
448 466 523 524 muri
546 477 679 525 extructa
701 464 856 538 rideretur,
875 466 1021 542 praecepit.

112 557 235 618 Interim
248 578 359 632 omnes,
374 560 449 618 servi
463 573 547 636 atque
560 560 655 633 liberi,
669 580 742 637 opus
765 561 905 633 facerent,
929 579 1023 636 neque
1079 554 1083 559 ’

112 655 163 712 ulli
177 656 242 712 loco
255 667 418 729 parcerent,
433 655 493 713 sire
504 675 586 712 sacer
612 667 690 714 esset
711 655 771 713 sive
792 656 938 730 profanus,
962 657 1023 714 sive

111 751 239 827 privatus
261 750 321 807 sire
341 751 487 827 publicus,
506 762 535 808 et
562 750 700 826 undique,
724 751 800 826 quod
828 749 965 808 idoneum
987 752 1023 808 ad

111 846 303 906 muniendum
329 857 475 921 putarent,
503 857 702 921 congererent.
743 844 814 906 Quo
838 846 946 902 sactum
968 847 1063 919 esth

111 953 145 1000 ut
172 940 397 999 Atheniensium
424 940 500 998 muri
526 960 563 998 ex
590 941 705 1017 sacellis
732 940 928 1017 sepulcrisque
955 960 1023 1000 con·

111 1039 230 1094 starent.
740 1084 751 1102 ,,

151 1130 221 1187 VII.
264 1130 479 1190 Themistocles
493 1143 601 1205 autern,
615 1143 647 1190 ut
668 1132 909 1192 Lacedaemonern
934 1133 1022 1206 venit,

112 1224 192 1283 adire
208 1227 243 1282 ad
258 1226 444 1302 magistratus
462 1227 565 1299 noluit,
585 1239 615 1286 et
636 1228 717 1285 dedit
740 1247 857 1303 operam
881 1240 913 1287 ut
935 1228 1022 1304 qndm

74 1315 80 1325 ’
112 1319 280 1396 longissime
308 1332 433 1397 tempus»
449 1322 579 1395 duceret,
617 1340 735 1380 causam
765 1323 963 1399 interponens,
991 1344 1022 1381 se
1045 1325 1081 1381 1⁰
1110 1352 1113 1356 ’
1159 1387 1160 1391 ἵ

110 1416 240 1491 collegas
253 1427 415 1491 expectare.
456 1415 559 1477 Quum
584 1417 801 1477 Lacedaemonii
823 1409 1043 1494 quererentur,'

111 1530 184 1587 opus
198 1510 386 1569 nihilominus
400 1511 473 1583 fieri,
487 1531 611 1586 eumque
626 1511 656 1569 in
670 1513 706 1570 ed
727 1533 759 1571 re
781 1513 881 1572 conari
903 1515 1021 1583 fallere3

111 1606 228 1664 interim
247 1606 350 1681 reliqui
372 1606 462 1682 legati
483 1618 551 1664 sunt
572 1608 731 1665 consecuti.
772 1609 800 1665 A
815 1609 1022 1684 quibusquam

112 1700 250 1774 audisset,
266 1720 324 1760 non
338 1702 461 1760 multum
473 1720 623 1777 superesse
637 1701 816 1774 munitionis,
837 1702 873 1760 ad
892 1703 1023 1779 Ephoros

112 1794 399 1855 Lacedaemoniorum
414 1796 548 1870 accessit,
562 1816 653 1872 penes
674 1817 746 1874 quos
769 1817 914 1857 summum
935 1798 1023 1875 impe-
1044 1801 1082 1858 15

112 1890 187 1948 rium
209 1902 291 1962 erat3
314 1903 400 1968 atque
428 1892 504 1969 apud
530 1911 581 1950 eos
608 1892 767 1966 contendit,
793 1895 864 1952 salsa
887 1894 932 1952 his
959 1914 1023 1952 esse

112 1985 225 2057 delata3
247 2007 338 2064 quare
351 2007 466 2064 [equum
479 2007 554 2060 esse,
569 1988 632 2047 illos
647 1988 721 2047 viros
743 1989 833 2048 bonos
853 1989 1023 2067 nobilesque

111 2082 235 2155 mittere,
249 2083 356 2160 quibus
379 2083 453 2141 fides
476 2083 639 2156 haberetur,
663 2083 713 2160 qui
737 2103 797 2141 rem
821 2086 1021 2159 explorarent3

112 2176 222 2236 interea
231 2197 262 2236 se
270 2177 401 2235 obsidem
412 2177 578 2236 retinerent.
619 2179 727 2236 Gestus
735 2191 779 2237 est
790 2180 817 2236 ei
824 2199 895 2252 mos,
905 2191 1020 2255 tresque

111 2274 209 2350 legati,
234 2274 328 2333 functi
346 2273 468 2332 summis
488 2274 656 2346 honoribus,
681 2275 814 2333 Athenas
838 2274 918 2332 missi
944 2286 1019 2332 sunt.
1040 2274 1078 2333 2⁰

112 2368 188 2427 Cum
203 2369 248 2427 his
263 2369 391 2445 collegas
404 2389 471 2428 suos
483 2369 568 2445 jussit
581 2369 736 2446 proficisci,
755 2369 856 2446 eisque
879 2369 1021 2447 praedixit,

112 2475 144 2521 ut
156 2483 194 2521 ne
208 2462 288 2539 priris
300 2464 587 2523 Lacedaemoniorum
611 2465 722 2541 legatos
733 2464 923 2538 dimitterent,
934 2464 1021 2540 quim

112 2556 172 2632 ipse
183 2570 260 2616 esset
274 2558 419 2617 remissus.
461 2559 526 2618 Hos
538 2572 688 2635 postquam
703 2560 836 2618 Athenas
856 2560 1022 2636 pervenisse

111 2664 258 2727 natusest,
274 2653 310 2711 ad
324 2653 524 2730 magistratum
536 2666 725 2730 senatumque
735 2654 1021 2714 Lacedaemoniorum

112 2747 192 2820 adiit,
207 2759 236 2806 ct
251 2749 328 2824 apud
340 2768 390 2807 eos
404 2748 550 2808 liberrime
563 2751 708 2827 professus
722 2762 784 2809 est:
807 2751 1021 2809 ‘Athenienses
1040 2751 1080 2808 25

112 2861 163 2900 suo
177 2843 310 2917 consilio,
324 2845 400 2920 quod
411 2845 559 2903 communi
567 2847 632 2921 jure
643 2846 775 2922 gentium
786 2847 882 2904 facere
892 2857 1020 2921 possent,

112 2936 336 3015 Deos-publicos
349 2959 473 3016 suosque
486 2940 594 3016 patrios
615 2959 650 2997 ac
670 2952 800 3016 penates,
824 2939 882 3016 qud
907 2938 1021 2999 saciliirs

111 3035 148 3093 sb
162 3037 243 3094 hoste
257 3049 375 3112 possent
396 3037 563 3108 defendere,
586 3035 677 3094 muris
700 3034 833 3112 repsisse,
858 3055 951 3112 neque
975 3056 1020 3110 eo,

110 3131 186 3206 quod
201 3131 305 3191 inutile
316 3145 393 3191 esset
407 3132 538 3204 Graeciae,
552 3131 664 3190 fecisse.
707 3131 785 3189 Nam
795 3131 908 3190 illorum
920 3133 1021 3191 urbem

110 3239 142 3285 ut
155 3228 406 3304 propugnaculum
419 3227 580 3304 oppositum
595 3246 658 3285 esse
671 3226 817 3300 Barbarie,
833 3229 909 3303 apud
933 3247 1020 3303 quarn
1040 3229 1078 3287 3⁰

109 3321 168 3399 jam
182 3321 228 3381 bis
241 3323 350 3382 classes
364 3323 476 3398 Regias
490 3322 593 3381 fecisse
603 3321 795 3398 naufragium.
837 3322 1022 3381 Lacedaemo-
1070 3316 1073 3321 ’

110 3417 174 3477 nios
189 3430 286 3478 autem
297 3416 373 3477 male
387 3429 417 3476 et
431 3415 538 3493 injuste
554 3419 660 3490 facere,
669 3416 719 3492 qui
731 3416 761 3474 id
770 3415 1021 3492 potidsintueren-

111 3523 166 3588 tur,
190 3513 268 3591 quod
282 3513 410 3591 ipsorum
437 3512 638 3587 dominationi,
665 3509 752 3589 qudm
778 3511 856 3587 qnod
878 3510 1019 3569 universa

311 3608 332 3668 2
