2392 4132
106 356 163 416 lm
524 362 720 415 HANNIBAL.

163 544 307 601 uunquam
332 543 374 582 ne
399 529 431 580 e'n
452 522 582 580 amicitid
604 543 664 580 eum
685 522 827 580 Romanis
845 520 925 598 fore.
966 521 1008 579 ld
1024 541 1079 597 ego

162 619 380 696 jusjurandum,
402 620 489 695 putri
512 619 620 691 dutum
641 638 728 694 usque
749 617 790 674 cd
807 617 881 674 huuc
902 625 1012 674 etatem
1033 619 1079 674 ita

163 716 336 788 conservavi,
357 723 389 771 ut
408 715 513 771 nemini
533 714 648 771 dubium
669 706 734 770 csse¹
746 712 854 785 dehent,
876 714 946 788 quin
967 713 1078 788 reliquo
1159 786 1161 791 y

163 818 284 887 tempore
298 809 392 867 eddam
405 818 494 867 mutto
507 810 560 866 sim
569 808 704 884 futurus.
749 809 851 876 Quare
865 809 891 865 si
905 809 977 884 quid
988 807 1079 867 amice

123 904 197 962 cde
223 905 366 962 Romanis
394 904 546 979 cogitabis
567 922 624 960 uon
643 903 836 979 imprudenter
847 901 970 977 seceris,
991 904 1018 959 si
1037 923 1080 961 me

164 1000 275 1056 celcris.
320 999 417 1067 Quum
438 999 549 1075 quidem
570 999 668 1056 bellum
683 998 818 1074 parchis,
840 1006 867 1055 te
886 999 979 1073 ipsum
990 997 1078 1073 frus·

164 1095 298 1168 traheris,
313 1096 339 1152 si
349 1115 404 1152 nou
418 1115 459 1151 me
472 1095 503 1150 in
518 1113 548 1151 eo
556 1093 718 1170 principem
727 1093 869 1169 posueris,

204 1190 262 1248 111.
305 1190 373 1247 Hic
394 1189 491 1266 igitur,
512 1189 569 1263 qui
590 1188 725 1261 diximus,
743 1199 837 1260 aetate,
859 1206 926 1245 cum
946 1199 1027 1263 patre
1048 1188 1077 1245 iu

88 1317 94 1325 ·
165 1286 338 1361 Hispaniam
359 1286 505 1360 proiectus
525 1295 585 1340 est:
619 1283 702 1358 cujus
723 1293 787 1358 post
806 1282 927 1354 obitum,
949 1282 1080 1339 Hasdru·

107 1380 146 1438 1⁰
165 1380 231 1437 bale
248 1381 418 1455 imperatore
432 1379 563 1450 suffecto,
585 1377 727 1452 equitatui
747 1377 827 1434 omni
846 1377 968 1453 prefuit.
1012 1378 1079 1436 Hoc

165 1494 278 1551 quoque
306 1474 458 1532 interfecto
485 1473 629 1531 exercitus
657 1491 799 1530 summam
820 1472 932 1548 imperii
954 1474 988 1529 ad
1010 1492 1078 1530 eum

165 1570 276 1629 detulit.
327 1569 364 1627 Id
385 1569 594 1644 Carthaginem
615 1568 753 1639 delatum,
773 1564 890 1642 publice
912 1569 1079 1643 comproba·

164 1676 292 1724 tumeat.
334 1664 385 1721 Sic
406 1663 555 1721 Hannibal
576 1663 669 1721 minor
690 1663 815 1737 quinque
830 1673 859 1720 et
872 1661 974 1738 viginti
995 1664 1080 1721 annis

165 1771 251 1818 natus
275 1760 430 1835 imperator
454 1760 558 1830 factus,
582 1758 712 1834 proximo
738 1756 864 1814 triennio
886 1775 988 1815 omnes
1009 1777 1080 1834 gen-

55 1874 58 1881 ·
108 1857 146 1914 15
165 1867 209 1914 tes
236 1854 386 1930 Hispaniae
414 1854 490 1911 bello
517 1852 639 1928 subegit.
708 1853 882 1928 Saguntum,
910 1852 1080 1910 soederatam

165 1950 322 2020 civitatem,
337 1949 364 2005 vi
381 1947 576 2023 expugnavit:
597 1958 656 2004 tres
675 1946 820 2004 exercitus
840 1946 982 2004 maximos
1002 1967 1081 2006 corn·

165 2046 284 2123 paravit.
326 2045 373 2102 Ex
392 2045 438 2102 his
458 2064 548 2102 unum
570 2045 599 2102 in
614 2045 745 2103 Africam
766 2045 853 2118 misit,
869 2046 990 2103 alterum
1011 2066 1079 2104 cum

166 2142 350 2200 Hasdrubale
371 2140 506 2199 stettein
530 2140 674 2217 Hispania
693 2139 818 2215 reliquit,
839 2141 956 2198 tertium
977 2141 1008 2199 in
1022 2142 1081 2200 Ita·

165 2238 233 2295 liam
254 2257 353 2295 secum
374 2236 464 2294 duxit.
508 2236 620 2293 Saltum
641 2236 812 2310 Pyrenaeum
832 2236 955 2294 transiit.
996 2234 1080 2298 Qut-

106 2334 147 2392 20
167 2352 281 2409 cunque
302 2333 356 2389 iter
377 2331 456 2403 fecit,
471 2350 539 2388 cum
558 2331 693 2389 omnibus
713 2330 817 2388 incolis
830 2330 977 2401 conflixit3
998 2350 1080 2389 nam·

166 2429 254 2499 inem,
269 2427 326 2485 nisi
339 2427 458 2499 victum,
473 2425 590 2484 dimisit.
622 2426 670 2482 Ad
685 2426 776 2502 Alpes
788 2437 976 2502 posteaquam
990 2427 1078 2501 veuit,

166 2542 229 2598 qua
251 2522 366 2580 ltaliam
390 2523 426 2579 ab
448 2522 544 2580 Gallia
568 2522 734 2598 sejungunt,
749 2541 820 2597 quas
844 2541 931 2580 nemo
951 2541 1078 2598 unquam

166 2637 232 2675 cum
247 2618 376 2676 exercitu
392 2631 458 2676 ante
469 2638 546 2691 eum,
558 2630 660 2693 praeter
670 2618 829 2675 Herculem
843 2618 975 2690 Graium,
989 2630 1080 2676 trans·

166 2713 239 2771 ierat
264 2712 334 2789 (quo
362 2713 439 2770 sacto
465 2714 490 2769 is
517 2713 603 2770 hodie
631 2713 721 2770 saltus
747 2712 854 2770 Graius
881 2713 1077 2792 appellatur)t

105 2810 147 2868 25
167 2808 288 2885 Alpicos
312 2819 452 2866 conantes
475 2807 635 2883 prohibere,
649 2808 771 2865 transitu
793 2808 932 2881 concidit,
946 2809 1011 2867 loca
1032 2828 1082 2885 pa·

165 2905 274 2977 tefecit,
296 2902 400 2961 itinera
420 2903 535 2975 muniit,
557 2902 654 2962 effecit
677 2902 772 2982 [que],
797 2914 829 2962 ut
852 2900 888 2962 eh
908 2904 1081 2980 elephantus

164 3013 284 3059 ornatus
308 3000 350 3057 ire
372 3011 478 3076 posset,
503 2996 560 3074 qua
584 3011 669 3056 autea
690 3018 766 3056 uuus
787 3000 873 3058 homo
893 2998 1014 3057 inermis
1033 3001 1083 3058 vix

165 3107 276 3171 potarat
302 3114 411 3170 repere.
467 3092 534 3151 Hac
561 3094 660 3169 copias
688 3094 825 3167 traduxit,
850 3092 880 3151 in
908 3094 1081 3170 Italiamque

165 3190 304 3265 pervenit.

106 3284 148 3342 Sl)
206 3284 259 3341 IV.
301 3284 480 3341 Conflixerat
502 3284 576 3358 apud
602 3284 780 3341 Rhodanum
802 3303 870 3341 curn
894 3285 927 3341 P.
943 3284 1083 3343 Cornelio

167 3378 316 3454 Scipione,
331 3379 469 3450 Consule,
484 3397 607 3453 eumque
621 3378 777 3454 pepulerat.
820 3379 896 3437 Cum
910 3381 967 3438 hoc
978 3380 1082 3438 eodem

167 3475 203 3531 de
225 3472 366 3530 Clastidio
391 3474 466 3549 apud
488 3472 600 3530 Padurn
622 3473 770 3531 decernit:
799 3473 931 3532 saucium
954 3474 1025 3532 iude
1047 3494 1081 3533 aa

166 3570 296 3645 fugatum
311 3567 437 3626 dimittit.
479 3566 582 3626 Tartih
597 3564 674 3625 idem
689 3568 790 3647 Scipio
802 3586 870 3625 cum
894 3568 1009 3646 collegi
1030 3568 1083 3627 Ti·
1170 3552 1177 3575 ⁸
