2392 4132
120 298 160 356 78
542 294 720 358 sumebas.

178 465 283 524 'l'acho
296 465 326 522 in
341 464 498 541 AEgyptum
515 466 622 540 ivisset,
636 479 666 525 et
687 467 717 525 in
740 466 805 525 acta
830 486 896 524 cum
919 467 979 524 suis
1003 485 1088 525 accu-

179 561 286 619 buisset
309 560 372 616 sine
400 561 457 618 ullo
481 566 576 631 tecto;
609 573 784 637 stratumque
812 562 930 627 haberet
964 562 1030 633 tale,
1057 576 1087 620 ut

137 685 156 707 ¹·
176 667 253 714 terra
265 666 343 712 tecta
366 649 442 713 esset
461 657 636 728 stramentis,
655 675 748 731 neque
771 657 829 712 huc
853 655 976 732 amplibs
1000 655 1086 731 quam

175 750 259 826 pellis
272 761 349 807 esset
368 750 491 826 injecta3
514 751 672 826 eodemque
694 751 815 808 comites
838 770 939 809 omnes
961 753 1087 807 accubu-

136 846 156 903 5
177 845 276 917 issent,
291 844 394 903 vestitu
410 845 512 902 humili
526 856 611 920 atque
635 846 773 918 obsoleto,
796 856 828 903 ut
849 864 947 902 eorum
969 857 1100 906 ornatus.

175 958 234 997 non
248 938 334 997 modd
349 939 378 996 iu
391 938 436 996 his
449 958 548 1015 regem
562 939 708 997 neminem
730 939 917 1016 significaret,
936 941 987 997 sed
1008 942 1087 998 hom-

176 1033 233 1091 inis
260 1054 319 1092 non
342 1034 501 1092 beatissimi
523 1035 718 1111 suspicionem
738 1035 888 1110 praeberet.
930 1034 1026 1110 Hujus
1050 1037 1087 1092 de

175 1129 301 1186 adventu
316 1130 393 1186 fama
407 1148 495 1205 quum
509 1129 545 1186 ad
560 1129 655 1206 regios
668 1141 744 1188 esset
754 1131 875 1205 perlata,
885 1130 1017 1188 celeriter
1026 1150 1088 1187 mu·

175 1243 245 1282 nera
259 1223 295 1282 ed
309 1225 448 1300 cujusque
461 1224 577 1300 generis
591 1236 658 1283 sunt
680 1226 773 1282 allata.
816 1225 872 1283 His
894 1226 1088 1300 quaerentibus

119 1321 156 1378 tu
176 1321 358 1396 Agesilaum,
373 1319 421 1376 vix
435 1319 507 1376 fides
521 1319 598 1377 faeta
611 1331 665 1392 est,
680 1338 770 1376 unum
782 1338 846 1376 esse
857 1319 958 1391 exhis,
968 1319 1088 1394 quitum

176 1415 367 1472 accubabant.
409 1413 473 1475 Qui
493 1433 582 1489 quum
607 1414 683 1490 regis
705 1413 809 1486 verbis,
834 1432 897 1488 quae
921 1415 1087 1487 attulerant,

93 1542 95 1546 ν
175 1510 334 1582 dedissent,
363 1509 411 1566 ille
445 1520 548 1584 praeter
576 1508 706 1580 vitulina,
730 1520 759 1566 et
786 1507 951 1583 hujusmodi
978 1527 1089 1582 genera
1122 1522 1137 1546 ·

176 1604 299 1682 opsonii,
314 1623 377 1679 quae
391 1623 518 1680 praesens
532 1615 645 1679 tempus
659 1602 851 1672 desiderabat,
866 1602 937 1659 nihil
954 1603 1066 1679 accepit
1078 1623 1086 1672 ;

176 1711 336 1776 unguenta,
352 1718 484 1772 coronas,
498 1699 713 1772 secundamque
727 1716 857 1755 mensam
872 1697 960 1754 servis
979 1698 1088 1774 disper·

119 1795 156 1853 15
176 1795 238 1866 tiit3
260 1806 367 1853 caetera
375 1793 476 1852 referri
484 1793 578 1869 jussit.
618 1793 690 1854 Quo
703 1794 780 1850 facto
793 1811 860 1849 eum
870 1791 983 1849 barbari
994 1793 1088 1868 magis

176 1890 264 1948 etiam
291 1900 536 1965 contempserunt,
563 1885 640 1963 qudd
668 1906 735 1944 eum
760 1886 923 1963 ignorantia
947 1888 1086 1945 bonarum

176 2003 271 2043 rerum
299 1984 348 2042 illa
369 1980 549 2059 potissimum
576 1983 732 2058 sumpsisse
757 1983 977 2041 arbitrabantur.
1027 1983 1087 2041 Hic

176 2099 264 2155 quum
276 2098 312 2136 ex
326 2078 454 2155 AEgypto
466 2089 666 2150 reverteretur,
681 2078 805 2135 donatus
819 2097 836 2134 a
849 2097 918 2154 rege
939 2076 1088 2135 Nectana-

177 2175 244 2232 bide
263 2174 397 2232 ducentis
419 2173 521 2250 viginti
542 2172 668 2244 talentis,
691 2191 754 2247 quae
776 2173 824 2230 ille
848 2173 961 2230 muneri
982 2174 1088 2248 populo

108 2269 157 2329 -20
177 2288 230 2328 suo
243 2270 334 2341 daret,
349 2268 529 2342 venissetque
544 2268 573 2324 iu
598 2279 711 2343 portum
732 2268 782 2342 qui
806 2267 936 2326 Menelai
958 2279 1087 2341 vocatur,

173 2364 277 2440 jacens
291 2363 365 2421 inter
379 2362 510 2437 Cyrenas
523 2373 553 2420 et
567 2362 735 2438 AEgyptum,
751 2363 781 2420 in
790 2364 921 2420 morbum
930 2363 1088 2438 implicitus

177 2458 311 2517 decessit.
353 2457 400 2530 Ibi
413 2477 480 2515 eum
494 2457 591 2530 amici,
606 2456 662 2533 qud
677 2459 810 2534 Spartam
825 2454 939 2516 facilius
960 2460 1087 2533 perferre

176 2565 304 2630 possent,
319 2552 397 2629 qubd
410 2553 466 2610 mel
481 2572 540 2610 uon
555 2553 712 2625 habebant,
734 2553 802 2610 cerri
817 2553 1087 2623 circumfuderunt3

177 2660 263 2723 atque
277 2649 319 2707 ita
332 2650 449 2707 domum
464 2648 632 2706 retulerunt.

414 3026 534 3088 XVIII.
576 3027 839 3086 EUMENEs

118 3225 159 3284 25
218 3223 245 3280 Ι.
280 3222 431 3295 Eumenes,
447 3220 622 3279 Cardianus.
664 3219 760 3294 Hujus
779 3218 804 3276 si
828 3217 925 3277 virtuti
947 3237 998 3294 par
1021 3219 1089 3278 data

178 3329 255 3377 esset
269 3319 393 3391 fortuna,
407 3335 466 3375 uon
480 3316 528 3374 ille
541 3315 658 3392 quidem
666 3314 767 3391 major,
777 3315 827 3371 sed
840 3311 929 3372 multd
942 3313 1090 3387 illustrior,

180 3425 265 3489 atque
278 3412 365 3472 etiam
384 3411 548 3472 honoratior
559 3432 567 3482 ;
588 3407 665 3487 qubd
690 3428 811 3486 magnos
832 3407 963 3466 homines
985 3407 1090 3467 virtute

179 3507 324 3582 metimur,
338 3526 397 3568 nou
411 3507 534 3568 fortuna.
576 3505 653 3564 Nam
667 3523 755 3582 quum
769 3516 839 3562 rotas
852 3503 915 3578 ejus
939 3501 1091 3562 incidisset
