2392 4132
461 272 673 348 Acnsrnaus.
1036 279 1079 346 ‘77

107 458 167 517 sore
179 457 297 529 videret,
313 456 337 514 si
351 432 581 514 animadversd'm
596 466 682 529 esset,
698 475 861 531 quenquam
873 456 909 513 ad
924 457 1020 514 hostes

106 555 287 630 transfugere
301 551 411 624 conari,
425 570 492 609 curn
506 551 567 610 suis
581 549 616 609 ed
631 551 719 624 venit,
735 561 830 626 atque,
845 562 878 609 ut
901 551 925 609 si
944 552 1020 610 bono
1080 606 1082 610 ,

107 648 203 706 animo
227 647 374 719 fecissent,
388 646 516 704 laudavit
543 646 696 704 consilium
724 665 833 720 corum,
848 645 926 722 qubd
952 665 1019 704 curn
1149 663 1155 690 ¹

106 744 202 801 locum
215 742 418 818 occupassent,
433 751 507 798 etse
522 740 550 798 id
569 760 681 816 quoque
696 741 758 799 fieri
772 742 878 800 debere
893 741 1021 799 animad-

106 837 234 896 vertisse.
277 836 327 893 Sic
347 836 578 894 adolescentulos
598 835 733 894 simulata
753 837 919 895 laudatione
940 838 1061 896 recu-5

71 990 73 994 .
106 931 226 1009 peravit,
253 943 283 990 et
310 930 455 1007 adjunctis
482 931 519 988 de
546 930 605 988 suis
632 930 787 989 comitibus
810 933 906 990 locum
927 943 1021 991 tutum

107 1026 230 1102 reliquit.
271 1025 407 1101 Namque
421 1024 473 1098 illi,
488 1036 574 1084 aucto
587 1044 708 1084 numero
721 1045 831 1098 eorum,
853 1026 902 1103 qui
921 1047 1022 1104 exper-

107 1132 152 1180 tes
168 1132 250 1179 erant
269 1119 393 1193 consilii,
415 1139 595 1178 commovere
616 1139 647 1177 se
668 1139 727 1179 non
747 1132 815 1179 aunt
836 1121 908 1195 ausi,
930 1120 1022 1197 edque

107 1214 255 1289 libentids,
269 1214 347 1291 qudd
361 1216 450 1273 latere
465 1215 686 1288 arbitrabantur,
701 1234 764 1291 quae
778 1216 949 1292 cogitarant.

129 1310 216 1391 ΥΠ.
258 1311 330 1368 Sine
348 1310 437 1368 dubio
449 1321 513 1386 post
534 1309 718 1369 Leuctricam
737 1330 866 1388 pugnam
887 1311 1023 1369 Lacedae·
1044 1312 1082 1370 10

107 1404 198 1464 monii
212 1425 243 1463 se
253 1425 402 1481 nunquam
414 1407 589 1478 refecerunt,
600 1425 695 1481 neque
705 1406 858 1482 pristinum
870 1406 1022 1483 imperium

108 1500 340 1576 recuperarunt:
372 1519 460 1576 quum
489 1499 604 1559 interim
632 1500 788 1576 Agesilaus
815 1520 874 1558 non
902 1500 1022 1574 destitit,

105 1594 330 1670 quibuscunque
349 1595 436 1653 rebus
449 1605 556 1670 posset,
567 1594 687 1670 patriam
696 1595 805 1670 juvare.
848 1594 925 1652 Nam
934 1614 1022 1669 quum

108 1688 254 1766 praecipue
267 1689 483 1748 Lacedaemonii
498 1688 663 1765 indigerent
672 1688 809 1764 pecunifi,
822 1688 1022 1761 illeomnibus,

107 1784 157 1860 qui
179 1803 195 1842 a
215 1803 283 1860 rege
304 1785 481 1857 defecerant,
502 1783 637 1860 presidio
657 1783 730 1842 fuit:
754 1801 771 1840 a
791 1783 896 1858 quibus
916 1784 1023 1858 magnei
1045 1784 1083 1842 15
1172 1845 1179 1867 ι

108 1878 233 1937 donatus
246 1878 381 1955 pecunii,
396 1878 518 1955 patriam
528 1877 694 1936 sublevavit.
737 1879 835 1954 Atque
847 1877 875 1935 in
885 1879 941 1936 hoc
952 1878 1023 1936 illud

109 1972 249 2049 imprimis
263 1973 317 2031 fuit
331 1973 519 2043 admirabile;
541 1993 629 2049 quum
650 1973 777 2031 maxima
797 1993 919 2031 munera
939 1974 966 2031 ei
988 1975 1024 2031 ab

108 2069 226 2144 regibus
252 2080 282 2126 et
308 2067 438 2143 dynastis
469 2067 690 2143 civitatibusque
721 2069 930 2140 conferrentur,
952 2069 1024 2126 nihil

108 2183 235 2239 unquam
251 2162 311 2242 [in]
327 2164 444 2221 domum
456 2182 537 2221 suam
550 2163 682 2236 contulit,
698 2163 769 2220 nihil
785 2164 821 2220 de
842 2161 930 2235 victu,
952 2163 1024 2220 nibil

108 2258 146 2316 de
160 2257 264 2316 vestitu
279 2257 429 2316 Laconum
444 2258 573 2316 mutavit.
615 2257 709 2316 Domo
723 2258 828 2316 eadem
843 2257 897 2316 fuit
908 2269 1026 2316 conten·
1043 2258 1084 2322 20

109 2366 166 2426 tus,
179 2353 237 2428 qua
250 2352 459 2428 Eurysthenes,
480 2353 644 2430 progenitor
656 2354 796 2431 majorum
817 2372 944 2426 snorum,
966 2355 1026 2412 fue-

110 2460 154 2507 rat
175 2467 262 2506 usus:
283 2467 369 2522 quarn
390 2449 440 2522 qui
461 2449 592 2520 intrarat,
614 2449 726 2506 nullum
747 2449 863 2525 signum
884 2448 1023 2521 libidinis,

107 2543 221 2603 'nullum
231 2543 351 2601 luxuriae
363 2543 460 2600 videre
472 2554 599 2619 poterat;
621 2541 732 2614 contri,
743 2543 868 2619 plurima
878 2543 1024 2618 patientias

109 2649 196 2712 'atque
211 2637 402 2696 abstinentiae.
445 2638 495 2695 Sic
510 2638 586 2695 enirn
601 2651 664 2697 erat
687 2638 837 2711 instructa,
851 2638 978 2696 utnulla
993 2639 1022 2695 in

111 2751 141 2790 re
156 2732 282 2791 differret
296 2751 313 2790 a
326 2732 453 2809 cujusvis
468 2733 561 2810 inopis
576 2745 660 2808 atque
674 2734 786 2810 privati.
1042 2731 1083 2789 25

132 2815 237 2891 ἰἱΙΙΙΙ.
280 2827 376 2902 Atque
398 2827 447 2884 hic
467 2839 565 2886 tantus
586 2828 638 2898 vir,
659 2840 691 2886 ut
711 2840 844 2886 naturam
873 2825 1024 2883 fautricem

111 2911 250 2980 habuerat
271 2921 301 2979 in
322 2922 484 2980 tribuendis
506 2921 595 2978 animi
616 2921 778 2993 virtutibus,
801 2921 843 2977 sic
864 2919 1024 2975 maleficam

111 3030 214 3076 nactus
234 3029 278 3075 est
299 3017 328 3074 in
350 3036 469 3093 corpore
491 3016 635 3092 fingendo.
690 3015 767 3072 Nam
793 3026 822 3072 et
843 3012 951 3071 staturi
972 3013 1027 3071 fuit

111 3111 223 3185 humili,
236 3124 266 3170 et
277 3132 396 3188 corpore
411 3112 526 3189 exiguo,
541 3123 571 3170 et
585 3112 706 3168 claudus
722 3111 810 3168 altero
825 3109 906 3185 pede.
948 3108 1025 3169 Quae

110 3227 156 3265 res
183 3207 271 3266 etiam
297 3208 467 3266 nonnullam
496 3207 633 3264 afferebat
657 3205 877 3264 deformitatem.
929 3204 1026 3278 Atque
1046 3202 1086 3261 30

112 3302 203 3378 ignoti
216 3303 320 3360 faciem
335 3303 398 3379 ejus
412 3320 499 3378 quum
512 3301 702 3373 intuerentur,
715 3299 957 3357 contemnebant:
977 3297 1027 3373 qui

112 3408 207 3455 autem
229 3397 347 3455 virtutes
368 3406 517 3468 noverant,
539 3415 598 3454 non
629 3406 762 3471 poterant
789 3393 926 3451 admirari
947 3390 1025 3452 satis.

110 3488 201 3554 Quod
221 3492 250 3551 ei
270 3512 325 3551 usu
346 3493 435 3565 venit,
456 3510 544 3568 quum
565 3508 705 3549 annorum
728 3489 879 3566 octoginta
899 3487 1027 3546 subsidio

310 3586 360 3645 71
