2392 4132
454 359 677 410 TlMO'l'HEUS.
701 408 712 419 ,
1044 354 1081 411 51

110 538 194 596 raquo
206 538 349 597 pauperes
363 519 488 578 alienam
501 521 681 597 opulentium
695 520 847 579 intuuntur
871 520 1026 577 fortunam.

111 614 214 691 ltaque
242 615 396 688 Chabrias,
423 616 517 690 quoad
541 616 570 673 ei
596 615 713 686 licebat,
740 613 897 691 plurimum
917 614 1024 672 aberat

112 708 216 786 Neque
230 707 299 768 verb
313 711 391 768 solus
404 710 452 768 ille
468 711 566 768 aberat
578 711 703 768 Athenis
716 710 850 782 libenter,
865 711 916 768 sed
925 728 1027 768 omnes

112 804 172 864 fere
185 805 333 883 principes
347 806 480 864 fecerunt
494 806 591 862 idem:
611 803 689 881 quod
703 802 816 863 tantum
830 824 861 862 se
871 806 908 862 ab
917 805 1025 864 invidit

111 902 253 977 putabant
267 902 425 974 ablaturos,
439 899 579 975 quantum
593 919 611 958 a
623 911 783 976 conspectu
796 919 913 958 suorum
932 919 1026 958 reces-
1045 902 1066 959 ὅ

110 995 226 1055 sissent.
268 995 370 1072 ltahue
381 995 485 1054 Conon
499 993 655 1072 plurimum
669 995 758 1071 Cypri
774 995 853 1068 vixit,
865 994 1027 1071 Iphicrates

111 1089 142 1148 in
156 1090 297 1164 Thracii,
312 1090 487 1149 Timotheus
511 1090 609 1163 Lesbi,
632 1090 744 1148 Chares
766 1091 796 1148 in
821 1091 918 1168 Sigeo.
960 1091 1025 1150 Dis·

110 1185 214 1244 similis
226 1185 343 1262 quidem
358 1186 470 1244 Chares
483 1205 583 1245 eorum
601 1198 631 1245 et
652 1187 735 1246 factis
758 1199 788 1246 et
811 1187 949 1259 moribus,
973 1189 1023 1245 sed

111 1290 209 1338 tamen
225 1281 351 1340 Athenis
362 1293 392 1340 et
405 1283 562 1340 honoratus
572 1292 602 1339 et
614 1295 725 1359 potens.

151 1376 205 1435 lv.
248 1377 500 1436 Chabrissautem
522 1377 609 1454 periit
633 1379 708 1437 bello
732 1378 832 1437 sociali
853 1378 904 1437 tali
928 1379 1022 1437 modo.
1046 1378 1084 1437 lo

109 1469 330 1548 oppugnabant
343 1472 540 1531 Athenienses
555 1473 671 1530 Chium.
712 1473 784 1532 Erat
795 1474 825 1531 in
840 1475 932 1532 classe
947 1474 1023 1531 Cha·

111 1567 189 1626 brias
201 1567 341 1644 privatus,
356 1568 407 1626 sed
421 1588 532 1640 omnes,
544 1568 593 1643 qui
608 1568 637 1625 iu
651 1569 821 1644 magistratu
842 1581 934 1640 erant,
957 1587 1024 1626 auc·

110 1663 225 1722 toritate
240 1663 388 1733 anteibat;
409 1683 534 1740 eumque
549 1663 641 1739 magis
652 1663 767 1734 milites,
779 1661 865 1738 quum
887 1663 935 1737 qui
954 1682 1024 1739 prte-

110 1771 203 1832 erant,
229 1759 417 1835 aspiciebant.
466 1760 543 1821 Quae
581 1779 627 1816 res
659 1758 686 1815 ei
713 1757 865 1815 maturavit
893 1769 1021 1815 mortem.

111 1853 198 1927 Nam,
211 1855 281 1911 dum
293 1854 404 1931 primus
415 1855 511 1913 studet
524 1866 637 1930 portum
663 1854 779 1925 intrare,
803 1865 833 1911 et
852 1853 1024 1930 gubernato·
1046 1854 1082 1911 16

110 1969 170 2008 reru
192 1949 277 2026 jubet
298 1948 335 2007 eo
357 1950 482 2027 dirigere
507 1970 620 2022 narem,
645 1950 706 2027 ipse
729 1949 784 2008 sibi
805 1949 945 2026 perniciei
960 1949 1021 2008 suit

108 2044 212 2107 Quum
234 2046 312 2103 euim
333 2044 370 2103 ob
395 2047 584 2122 penetrasset,
599 2058 711 2103 caeterae
733 2065 791 2104 non
815 2056 882 2104 sunt
906 2057 1020 2103 secute.

75 2197 79 2203 .
108 2140 180 2204 Quo
193 2141 271 2199 facto
291 2140 485 2198 circumfusus
507 2141 631 2199 hostium
654 2160 798 2199 concursu
822 2160 909 2216 quum
932 2141 1023 2198 fortis·

110 2235 182 2294 sime
209 2246 363 2312 pugnaret,
391 2235 483 2307 navis,
511 2247 602 2295 rostro
628 2254 776 2312 percussa,
804 2235 892 2311 coepit
919 2234 1021 2292 sidere.

111 2330 191 2389 Hinc
204 2332 338 2407 refugere
357 2350 446 2406 quum
469 2342 576 2408 posset,
601 2331 626 2389 si
648 2351 679 2388 se
704 2331 733 2389 in
758 2351 837 2388 mare
859 2330 1021 2406 dejecisset,
1042 2330 1082 2387 2⁰

109 2425 186 2503 quod
201 2427 319 2485 suberat
340 2426 442 2484 classis
460 2427 695 2499 Atheniensium,
721 2446 783 2503 quse
808 2427 955 2502 exciperet
974 2445 1023 2482 nu·

110 2532 220 2581 tentes:
240 2521 335 2598 perire
348 2521 460 2594 maluit,
472 2520 558 2599 quam
573 2522 660 2580 armis
675 2522 796 2598 abjectis
821 2541 924 2580 navem
938 2521 1024 2579 relin-

109 2634 206 2691 quere,
221 2616 252 2674 in
266 2616 323 2691 qul
337 2616 431 2674 fuerat
443 2628 551 2675 vectus.
593 2615 629 2674 Id
640 2616 737 2675 ceteri
752 2618 848 2675 facere
859 2617 1023 2687 noluerunt,

110 2710 158 2784 qui
169 2711 267 2769 nando
291 2710 322 2767 in
336 2722 430 2769 tutum
443 2724 646 2788 pervenerunt.
692 2712 729 2770 At
744 2712 791 2770 ille
806 2724 941 2788 prestare
953 2714 1023 2770 hon·

112 2817 200 2864 estam
214 2817 336 2864 mortem
350 2806 519 2865 existimaus
534 2807 611 2884 turpi
633 2807 708 2878 vite,
731 2807 864 2865 cominus
887 2824 1022 2882 pugnans
1041 2806 1083 2863 25

112 2899 175 2958 telis
188 2901 316 2959 hostium
330 2901 500 2960 interfectus
511 2914 562 2959 est.

340 3300 429 3357 x111.
472 3282 822 3356 rruo'sunus.

70 3444 73 3451 ⁴
151 3471 174 3529 l.
222 3473 396 3546 Timotheus,
420 3472 544 3530 Cononis
557 3472 653 3549 filius,
676 3471 868 3530 Atheniensis.
920 3474 1023 3530 Hice

41 3576 43 3586 ⁴
115 3576 190 3642 pure
212 3578 362 3645 acceptam
385 3568 505 3644 gloriam
527 3567 626 3626 multis
647 3567 727 3626 auxit
750 3567 910 3628 virtutibus.
953 3568 1021 3626 Fuit
