<?xml version="1.0" encoding="UTF-8"?>
<!DOCTYPE html PUBLIC "-//W3C//DTD XHTML 1.0 Transitional//EN"
    "http://www.w3.org/TR/xhtml1/DTD/xhtml1-transitional.dtd">
<html xmlns="http://www.w3.org/1999/xhtml" xml:lang="en" lang="en">
 <head>
  <title>
</title>
<meta http-equiv="Content-Type" content="text/html;charset=utf-8" />
  <meta name='ocr-system' content='tesseract 3.04.00' />
  <meta name='ocr-capabilities' content='ocr_page ocr_carea ocr_par ocr_line ocrx_word'/>
</head>
<body>
  <div class='ocr_page' id='page_1' title='image "./devitaexcellent00nepogoog_0038.png"; bbox 0 0 2392 4132; ppageno 0'>
   <div class='ocr_carea' id='block_1_1' title="bbox 460 342 1088 410">
    <p class='ocr_par' dir='ltr' id='par_1_1' title="bbox 460 342 1088 410">
     <span class='ocr_line' id='line_1_1' title="bbox 460 342 1088 410; baseline 0.006 -4"><span class='ocrx_word' id='word_1_1' title='bbox 460 356 686 409; x_wconf 70' lang='lat' dir='ltr'>accinimus.</span> <span class='ocrx_word' id='word_1_2' title='bbox 1045 342 1088 410; x_wconf 74' lang='lat' dir='ltr'>st</span> 
     </span>
    </p>
   </div>
   <div class='ocr_carea' id='block_1_2' title="bbox 48 517 1083 2786">
    <p class='ocr_par' dir='ltr' id='par_1_2' title="bbox 48 517 1083 2786">
     <span class='ocr_line' id='line_1_2' title="bbox 111 517 1072 590; baseline 0.002 -14"><span class='ocrx_word' id='word_1_3' title='bbox 111 517 254 576; x_wconf 83' lang='lat' dir='ltr'>coluisse</span> <span class='ocrx_word' id='word_1_4' title='bbox 275 518 476 590; x_wconf 85' lang='lat' dir='ltr'>excellentius,</span> <span class='ocrx_word' id='word_1_5' title='bbox 501 519 545 577; x_wconf 87' lang='lat' dir='ltr'>vel</span> <span class='ocrx_word' id='word_1_6' title='bbox 573 519 603 576; x_wconf 91' lang='lat' dir='ltr'>in</span> <span class='ocrx_word' id='word_1_7' title='bbox 630 518 707 576; x_wconf 85' lang='lat' dir='ltr'>vitiis</span> <span class='ocrx_word' id='word_1_8' title='bbox 734 519 778 576; x_wconf 79' lang='lat' dir='ltr'>vel</span> <span class='ocrx_word' id='word_1_9' title='bbox 806 518 837 576; x_wconf 93' lang='lat' dir='ltr'>in</span> <span class='ocrx_word' id='word_1_10' title='bbox 864 518 1027 578; x_wconf 85' lang='lat' dir='ltr'>virtutibus.</span> <span class='ocrx_word' id='word_1_11' title='bbox 1068 546 1072 552; x_wconf 93' lang='lat'><strong>·</strong></span> 
     </span>
     <span class='ocr_line' id='line_1_3' title="bbox 113 613 1028 691; baseline 0.003 -21"><span class='ocrx_word' id='word_1_12' title='bbox 113 613 211 672; x_wconf 82' lang='lat' dir='ltr'>Natu&#39;s</span> <span class='ocrx_word' id='word_1_13' title='bbox 226 613 256 671; x_wconf 90' lang='lat' dir='ltr'>in</span> <span class='ocrx_word' id='word_1_14' title='bbox 272 613 449 690; x_wconf 63' lang='lat' dir='ltr'>amplissima</span> <span class='ocrx_word' id='word_1_15' title='bbox 471 613 597 686; x_wconf 82' lang='lat' dir='ltr'>civitate,</span> <span class='ocrx_word' id='word_1_16' title='bbox 621 633 733 672; x_wconf 91' lang='lat' dir='ltr'>summo</span> <span class='ocrx_word' id='word_1_17' title='bbox 757 633 875 691; x_wconf 85' lang='lat' dir='ltr'>genere,</span> <span class='ocrx_word' id='word_1_18' title='bbox 897 615 1028 673; x_wconf 90' lang='lat' dir='ltr'>omnium</span> 
     </span>
     <span class='ocr_line' id='line_1_4' title="bbox 111 706 1026 786; baseline 0.003 -21"><span class='ocrx_word' id='word_1_19' title='bbox 111 708 206 768; x_wconf 78' lang='lat' dir='ltr'>aetatis</span> <span class='ocrx_word' id='word_1_20' title='bbox 220 727 280 766; x_wconf 84' lang='lat' dir='ltr'>suae</span> <span class='ocrx_word' id='word_1_21' title='bbox 302 706 392 766; x_wconf 81' lang='lat' dir='ltr'>multb</span> <span class='ocrx_word' id='word_1_22' title='bbox 412 709 644 781; x_wconf 86' lang='lat' dir='ltr'>formosissimus,</span> <span class='ocrx_word' id='word_1_23' title='bbox 673 710 707 766; x_wconf 89' lang='lat' dir='ltr'>ad</span> <span class='ocrx_word' id='word_1_24' title='bbox 735 729 836 768; x_wconf 88' lang='lat' dir='ltr'>omnes</span> <span class='ocrx_word' id='word_1_25' title='bbox 860 729 906 767; x_wconf 90' lang='lat' dir='ltr'>res</span> <span class='ocrx_word' id='word_1_26' title='bbox 933 721 1026 786; x_wconf 86' lang='lat' dir='ltr'>aptus,</span> 
     </span>
     <span class='ocr_line' id='line_1_5' title="bbox 111 803 1028 881; baseline 0.002 -19"><span class='ocrx_word' id='word_1_27' title='bbox 111 805 285 880; x_wconf 73' lang='lat' dir='ltr'>consiliique</span> <span class='ocrx_word' id='word_1_28' title='bbox 298 805 410 880; x_wconf 87' lang='lat' dir='ltr'>plenus.</span> <span class='ocrx_word' id='word_1_29' title='bbox 453 803 587 879; x_wconf 81' lang='lat' dir='ltr'>Namque</span> <span class='ocrx_word' id='word_1_30' title='bbox 602 804 756 881; x_wconf 83' lang='lat' dir='ltr'>imperator</span> <span class='ocrx_word' id='word_1_31' title='bbox 777 804 831 863; x_wconf 91' lang='lat' dir='ltr'>suit</span> <span class='ocrx_word' id='word_1_32' title='bbox 849 823 978 863; x_wconf 88' lang='lat' dir='ltr'>summus</span> <span class='ocrx_word' id='word_1_33' title='bbox 998 819 1028 864; x_wconf 88' lang='lat' dir='ltr'>et</span> 
     </span>
     <span class='ocr_line' id='line_1_6' title="bbox 112 899 1066 976; baseline 0.005 -20"><span class='ocrx_word' id='word_1_34' title='bbox 112 899 185 956; x_wconf 84' lang='lat' dir='ltr'>mari</span> <span class='ocrx_word' id='word_1_35' title='bbox 210 911 239 958; x_wconf 89' lang='lat' dir='ltr'>et</span> <span class='ocrx_word' id='word_1_36' title='bbox 260 900 354 969; x_wconf 65' lang='lat' dir='ltr'>terr53</span> <span class='ocrx_word' id='word_1_37' title='bbox 381 899 516 971; x_wconf 85' lang='lat' dir='ltr'>disertus,</span> <span class='ocrx_word' id='word_1_38' title='bbox 544 910 576 958; x_wconf 90' lang='lat' dir='ltr'>ut</span> <span class='ocrx_word' id='word_1_39' title='bbox 597 899 737 976; x_wconf 87' lang='lat' dir='ltr'>imprimis</span> <span class='ocrx_word' id='word_1_40' title='bbox 761 900 886 959; x_wconf 90' lang='lat' dir='ltr'>dicendo</span> <span class='ocrx_word' id='word_1_41' title='bbox 910 901 1026 974; x_wconf 80' lang='lat' dir='ltr'>valeret,</span> <span class='ocrx_word' id='word_1_42' title='bbox 1046 903 1066 961; x_wconf 78' lang='lat' dir='ltr'>d</span> 
     </span>
     <span class='ocr_line' id='line_1_7' title="bbox 48 992 1026 1070; baseline 0.003 -19"><span class='ocrx_word' id='word_1_43' title='bbox 48 1030 56 1043; x_wconf 84' lang='lat'><strong>·</strong></span> <span class='ocrx_word' id='word_1_44' title='bbox 110 992 190 1069; x_wconf 81' lang='lat' dir='ltr'>qudd</span> <span class='ocrx_word' id='word_1_45' title='bbox 203 1005 286 1053; x_wconf 86' lang='lat' dir='ltr'>tanta</span> <span class='ocrx_word' id='word_1_46' title='bbox 307 1006 369 1052; x_wconf 87' lang='lat' dir='ltr'>erat</span> <span class='ocrx_word' id='word_1_47' title='bbox 390 994 604 1053; x_wconf 80' lang='lat' dir='ltr'>commendatio</span> <span class='ocrx_word' id='word_1_48' title='bbox 627 997 685 1052; x_wconf 88' lang='lat' dir='ltr'>oris</span> <span class='ocrx_word' id='word_1_49' title='bbox 713 1007 797 1070; x_wconf 88' lang='lat' dir='ltr'>atque</span> <span class='ocrx_word' id='word_1_50' title='bbox 820 995 968 1069; x_wconf 83' lang='lat' dir='ltr'>orationis,</span> <span class='ocrx_word' id='word_1_51' title='bbox 995 1009 1026 1054; x_wconf 73' lang='lat' dir='ltr'>ut</span> 
     </span>
     <span class='ocr_line' id='line_1_8' title="bbox 112 1089 1026 1168; baseline 0.003 -22"><span class='ocrx_word' id='word_1_52' title='bbox 112 1108 200 1148; x_wconf 92' lang='lat' dir='ltr'>nemo</span> <span class='ocrx_word' id='word_1_53' title='bbox 213 1090 241 1146; x_wconf 89' lang='lat' dir='ltr'>ei</span> <span class='ocrx_word' id='word_1_54' title='bbox 254 1089 380 1147; x_wconf 90' lang='lat' dir='ltr'>dicendo</span> <span class='ocrx_word' id='word_1_55' title='bbox 392 1101 489 1165; x_wconf 87' lang='lat' dir='ltr'>posset</span> <span class='ocrx_word' id='word_1_56' title='bbox 510 1089 663 1159; x_wconf 88' lang='lat' dir='ltr'>resistere;</span> <span class='ocrx_word' id='word_1_57' title='bbox 685 1091 765 1147; x_wconf 88' lang='lat' dir='ltr'>dives</span> <span class='ocrx_word' id='word_1_58' title='bbox 777 1110 784 1160; x_wconf 92' lang='lat'>;</span> <span class='ocrx_word' id='word_1_59' title='bbox 805 1109 894 1166; x_wconf 91' lang='lat' dir='ltr'>quum</span> <span class='ocrx_word' id='word_1_60' title='bbox 913 1101 1026 1168; x_wconf 88' lang='lat' dir='ltr'>tempus</span> 
     </span>
     <span class='ocr_line' id='line_1_9' title="bbox 111 1184 1022 1267; baseline 0.002 -25"><span class='ocrx_word' id='word_1_61' title='bbox 111 1196 255 1262; x_wconf 82' lang='lat' dir='ltr'>posceret,</span> <span class='ocrx_word' id='word_1_62' title='bbox 269 1185 439 1267; x_wconf 86' lang='lat' dir='ltr'>laboriosus,</span> <span class='ocrx_word' id='word_1_63' title='bbox 452 1184 583 1261; x_wconf 89' lang='lat' dir='ltr'>patiens;</span> <span class='ocrx_word' id='word_1_64' title='bbox 605 1185 749 1255; x_wconf 88' lang='lat' dir='ltr'>liberalis;</span> <span class='ocrx_word' id='word_1_65' title='bbox 771 1187 950 1262; x_wconf 86' lang='lat' dir='ltr'>splendidus,</span> <span class='ocrx_word' id='word_1_66' title='bbox 965 1205 1022 1245; x_wconf 89' lang='lat' dir='ltr'>non</span> 
     </span>
     <span class='ocr_line' id='line_1_10' title="bbox 111 1266 1024 1358; baseline 0.003 -21"><span class='ocrx_word' id='word_1_67' title='bbox 111 1277 208 1337; x_wconf 75' lang='lat' dir='ltr'>mimis</span> <span class='ocrx_word' id='word_1_68' title='bbox 221 1279 250 1337; x_wconf 92' lang='lat' dir='ltr'>in</span> <span class='ocrx_word' id='word_1_69' title='bbox 265 1280 323 1338; x_wconf 72' lang='lat' dir='ltr'>vitu</span> <span class='ocrx_word' id='word_1_70' title='bbox 337 1266 424 1354; x_wconf 79' lang='lat' dir='ltr'>qudm</span> <span class='ocrx_word' id='word_1_71' title='bbox 443 1280 473 1336; x_wconf 92' lang='lat' dir='ltr'>in</span> <span class='ocrx_word' id='word_1_72' title='bbox 488 1280 584 1349; x_wconf 79' lang='lat' dir='ltr'>victu3</span> <span class='ocrx_word' id='word_1_73' title='bbox 607 1280 740 1354; x_wconf 86' lang='lat' dir='ltr'>affabilis,</span> <span class='ocrx_word' id='word_1_74' title='bbox 755 1281 889 1354; x_wconf 89' lang='lat' dir='ltr'>blandus,</span> <span class='ocrx_word' id='word_1_75' title='bbox 915 1292 1024 1358; x_wconf 87' lang='lat' dir='ltr'>tempo·</span> 
     </span>
     <span class='ocr_line' id='line_1_11' title="bbox 112 1372 1083 1448; baseline 0.006 -18"><span class='ocrx_word' id='word_1_76' title='bbox 112 1375 191 1432; x_wconf 88' lang='lat' dir='ltr'>ribus</span> <span class='ocrx_word' id='word_1_77' title='bbox 205 1372 392 1432; x_wconf 72' lang='lat' dir='ltr'>callidissime</span> <span class='ocrx_word' id='word_1_78' title='bbox 408 1374 576 1432; x_wconf 85' lang='lat' dir='ltr'>inserviens.</span> <span class='ocrx_word' id='word_1_79' title='bbox 618 1375 712 1448; x_wconf 84' lang='lat' dir='ltr'>Idem,</span> <span class='ocrx_word' id='word_1_80' title='bbox 727 1376 811 1434; x_wconf 88' lang='lat' dir='ltr'>simul</span> <span class='ocrx_word' id='word_1_81' title='bbox 828 1396 863 1434; x_wconf 84' lang='lat' dir='ltr'>ac</span> <span class='ocrx_word' id='word_1_82' title='bbox 884 1397 915 1435; x_wconf 89' lang='lat' dir='ltr'>se</span> <span class='ocrx_word' id='word_1_83' title='bbox 940 1378 1024 1436; x_wconf 87' lang='lat' dir='ltr'>remi·</span> <span class='ocrx_word' id='word_1_84' title='bbox 1047 1376 1083 1436; x_wconf 77' lang='lat'>1⁰</span> 
     </span>
     <span class='ocr_line' id='line_1_12' title="bbox 111 1471 1024 1548; baseline 0.007 -22"><span class='ocrx_word' id='word_1_85' title='bbox 111 1481 198 1542; x_wconf 84' lang='lat' dir='ltr'>serat,</span> <span class='ocrx_word' id='word_1_86' title='bbox 213 1488 308 1545; x_wconf 89' lang='lat' dir='ltr'>neque</span> <span class='ocrx_word' id='word_1_87' title='bbox 322 1488 411 1527; x_wconf 84' lang='lat' dir='ltr'>causa</span> <span class='ocrx_word' id='word_1_88' title='bbox 425 1471 551 1542; x_wconf 77' lang='lat' dir='ltr'>suberat,</span> <span class='ocrx_word' id='word_1_89' title='bbox 567 1490 655 1546; x_wconf 88' lang='lat' dir='ltr'>quare</span> <span class='ocrx_word' id='word_1_90' title='bbox 670 1471 759 1528; x_wconf 85' lang='lat' dir='ltr'>animi</span> <span class='ocrx_word' id='word_1_91' title='bbox 777 1473 904 1531; x_wconf 81' lang='lat' dir='ltr'>laborem</span> <span class='ocrx_word' id='word_1_92' title='bbox 918 1474 1024 1548; x_wconf 83' lang='lat' dir='ltr'>perfer·</span> 
     </span>
     <span class='ocr_line' id='line_1_13' title="bbox 112 1565 1025 1642; baseline 0.002 -20"><span class='ocrx_word' id='word_1_93' title='bbox 112 1577 164 1636; x_wconf 88' lang='lat' dir='ltr'>ret,</span> <span class='ocrx_word' id='word_1_94' title='bbox 178 1565 353 1638; x_wconf 85' lang='lat' dir='ltr'>luxuriosus,</span> <span class='ocrx_word' id='word_1_95' title='bbox 368 1565 534 1637; x_wconf 85' lang='lat' dir='ltr'>dissolutus,</span> <span class='ocrx_word' id='word_1_96' title='bbox 559 1566 741 1639; x_wconf 90' lang='lat' dir='ltr'>libidinosus,</span> <span class='ocrx_word' id='word_1_97' title='bbox 766 1567 960 1642; x_wconf 82' lang='lat' dir='ltr'>intemperans</span> <span class='ocrx_word' id='word_1_98' title='bbox 982 1587 1025 1624; x_wconf 88' lang='lat' dir='ltr'>rc·</span> 
     </span>
     <span class='ocr_line' id='line_1_14' title="bbox 112 1660 1024 1736; baseline 0 -18"><span class='ocrx_word' id='word_1_99' title='bbox 112 1661 286 1736; x_wconf 82' lang='lat' dir='ltr'>petiebatur,</span> <span class='ocrx_word' id='word_1_100' title='bbox 314 1672 346 1718; x_wconf 87' lang='lat' dir='ltr'>ut</span> <span class='ocrx_word' id='word_1_101' title='bbox 380 1680 481 1718; x_wconf 88' lang='lat' dir='ltr'>omnes</span> <span class='ocrx_word' id='word_1_102' title='bbox 517 1660 737 1733; x_wconf 85' lang='lat' dir='ltr'>admirarentur,</span> <span class='ocrx_word' id='word_1_103' title='bbox 766 1661 796 1717; x_wconf 91' lang='lat' dir='ltr'>in</span> <span class='ocrx_word' id='word_1_104' title='bbox 824 1681 882 1718; x_wconf 92' lang='lat' dir='ltr'>uno</span> <span class='ocrx_word' id='word_1_105' title='bbox 907 1661 1024 1718; x_wconf 87' lang='lat' dir='ltr'>homine</span> 
     </span>
     <span class='ocr_line' id='line_1_15' title="bbox 111 1756 1024 1831; baseline 0.001 -18"><span class='ocrx_word' id='word_1_106' title='bbox 111 1767 221 1816; x_wconf 80' lang='lat' dir='ltr'>tantam</span> <span class='ocrx_word' id='word_1_107' title='bbox 247 1757 349 1813; x_wconf 86' lang='lat' dir='ltr'>inesse·</span> <span class='ocrx_word' id='word_1_108' title='bbox 366 1756 641 1829; x_wconf 86' lang='lat' dir='ltr'>dissimilitudinem,</span> <span class='ocrx_word' id='word_1_109' title='bbox 669 1765 784 1831; x_wconf 87' lang='lat' dir='ltr'>tamque</span> <span class='ocrx_word' id='word_1_110' title='bbox 809 1756 949 1814; x_wconf 86' lang='lat' dir='ltr'>diversam</span> <span class='ocrx_word' id='word_1_111' title='bbox 975 1775 1024 1814; x_wconf 88' lang='lat' dir='ltr'>na-</span> 
     </span>
     <span class='ocr_line' id='line_1_16' title="bbox 112 1855 1083 1912; baseline 0.003 -4"><span class='ocrx_word' id='word_1_112' title='bbox 112 1862 215 1908; x_wconf 79' lang='lat' dir='ltr'>turam.</span> <span class='ocrx_word' id='word_1_113' title='bbox 1047 1855 1083 1912; x_wconf 79' lang='lat'>1⁵</span> 
     </span>
     <span class='ocr_line' id='line_1_17' title="bbox 150 1945 1024 2025; baseline 0.002 -22"><span class='ocrx_word' id='word_1_114' title='bbox 150 1946 191 2004; x_wconf 91' lang='grc' dir='ltr'>ΙΙ.</span> <span class='ocrx_word' id='word_1_115' title='bbox 234 1947 385 2004; x_wconf 80' lang='lat' dir='ltr'>Educatus</span> <span class='ocrx_word' id='word_1_116' title='bbox 399 1957 443 2004; x_wconf 87' lang='lat' dir='ltr'>est</span> <span class='ocrx_word' id='word_1_117' title='bbox 457 1946 487 2003; x_wconf 92' lang='lat' dir='ltr'>in</span> <span class='ocrx_word' id='word_1_118' title='bbox 506 1947 592 2004; x_wconf 91' lang='lat' dir='ltr'>domo</span> <span class='ocrx_word' id='word_1_119' title='bbox 613 1946 735 2005; x_wconf 83' lang='lat' dir='ltr'>Periclis</span> <span class='ocrx_word' id='word_1_120' title='bbox 760 1945 922 2025; x_wconf 83' lang='lat' dir='ltr'>(privignus</span> <span class='ocrx_word' id='word_1_121' title='bbox 946 1948 1024 2006; x_wconf 89' lang='lat' dir='ltr'>enirn</span> 
     </span>
     <span class='ocr_line' id='line_1_18' title="bbox 111 2041 1024 2120; baseline 0.002 -21"><span class='ocrx_word' id='word_1_122' title='bbox 111 2042 173 2118; x_wconf 85' lang='lat' dir='ltr'>ejus</span> <span class='ocrx_word' id='word_1_123' title='bbox 188 2043 276 2100; x_wconf 84' lang='lat' dir='ltr'>luisse</span> <span class='ocrx_word' id='word_1_124' title='bbox 291 2041 562 2120; x_wconf 85' lang='lat' dir='ltr'>dicitur),eruditus</span> <span class='ocrx_word' id='word_1_125' title='bbox 572 2061 588 2099; x_wconf 91' lang='lat' dir='ltr'>a</span> <span class='ocrx_word' id='word_1_126' title='bbox 600 2043 730 2101; x_wconf 82' lang='lat' dir='ltr'>Socrate.</span> <span class='ocrx_word' id='word_1_127' title='bbox 772 2044 912 2101; x_wconf 83' lang='lat' dir='ltr'>Socerum</span> <span class='ocrx_word' id='word_1_128' title='bbox 923 2043 1024 2101; x_wconf 89' lang='lat' dir='ltr'>habuit</span> 
     </span>
     <span class='ocr_line' id='line_1_19' title="bbox 114 2136 1024 2214; baseline 0 -20"><span class='ocrx_word' id='word_1_129' title='bbox 114 2137 321 2214; x_wconf 88' lang='lat' dir='ltr'>Hipponicum,</span> <span class='ocrx_word' id='word_1_130' title='bbox 335 2136 465 2196; x_wconf 91' lang='lat' dir='ltr'>omnium</span> <span class='ocrx_word' id='word_1_131' title='bbox 479 2137 584 2194; x_wconf 66' lang='lat' dir='ltr'>Graecd</span> <span class='ocrx_word' id='word_1_132' title='bbox 597 2137 697 2213; x_wconf 69' lang='lat' dir='ltr'>linguai</span> <span class='ocrx_word' id='word_1_133' title='bbox 718 2138 897 2213; x_wconf 90' lang='lat' dir='ltr'>loquentium</span> <span class='ocrx_word' id='word_1_134' title='bbox 919 2137 1024 2196; x_wconf 87' lang='lat' dir='ltr'>ditissi-</span> 
     </span>
     <span class='ocr_line' id='line_1_20' title="bbox 113 2232 1023 2308; baseline 0 -18"><span class='ocrx_word' id='word_1_135' title='bbox 113 2251 190 2291; x_wconf 91' lang='lat' dir='ltr'>mum</span> <span class='ocrx_word' id='word_1_136' title='bbox 202 2254 210 2304; x_wconf 91' lang='grc'>;</span> <span class='ocrx_word' id='word_1_137' title='bbox 232 2244 274 2306; x_wconf 86' lang='lat' dir='ltr'>ut,</span> <span class='ocrx_word' id='word_1_138' title='bbox 289 2232 313 2290; x_wconf 90' lang='lat' dir='ltr'>si</span> <span class='ocrx_word' id='word_1_139' title='bbox 328 2236 389 2308; x_wconf 88' lang='lat' dir='ltr'>ipse</span> <span class='ocrx_word' id='word_1_140' title='bbox 403 2232 513 2308; x_wconf 87' lang='lat' dir='ltr'>fingere</span> <span class='ocrx_word' id='word_1_141' title='bbox 527 2232 623 2305; x_wconf 86' lang='lat' dir='ltr'>vellet,</span> <span class='ocrx_word' id='word_1_142' title='bbox 635 2251 729 2308; x_wconf 88' lang='lat' dir='ltr'>neque</span> <span class='ocrx_word' id='word_1_143' title='bbox 743 2232 825 2308; x_wconf 89' lang='lat' dir='ltr'>plura</span> <span class='ocrx_word' id='word_1_144' title='bbox 846 2233 922 2290; x_wconf 89' lang='lat' dir='ltr'>bona</span> <span class='ocrx_word' id='word_1_145' title='bbox 940 2232 1023 2290; x_wconf 90' lang='lat' dir='ltr'>remi-</span> 
     </span>
     <span class='ocr_line' id='line_1_21' title="bbox 113 2326 1082 2404; baseline -0.001 -18"><span class='ocrx_word' id='word_1_146' title='bbox 113 2328 196 2402; x_wconf 88' lang='lat' dir='ltr'>nisci,</span> <span class='ocrx_word' id='word_1_147' title='bbox 210 2347 305 2404; x_wconf 87' lang='lat' dir='ltr'>neque</span> <span class='ocrx_word' id='word_1_148' title='bbox 321 2327 428 2404; x_wconf 84' lang='lat' dir='ltr'>majora</span> <span class='ocrx_word' id='word_1_149' title='bbox 442 2338 538 2403; x_wconf 88' lang='lat' dir='ltr'>posset</span> <span class='ocrx_word' id='word_1_150' title='bbox 549 2327 697 2403; x_wconf 89' lang='lat' dir='ltr'>consequi,</span> <span class='ocrx_word' id='word_1_151' title='bbox 708 2326 795 2402; x_wconf 70' lang='lat' dir='ltr'>quim</span> <span class='ocrx_word' id='word_1_152' title='bbox 804 2329 848 2386; x_wconf 87' lang='lat' dir='ltr'>vel</span> <span class='ocrx_word' id='word_1_153' title='bbox 856 2329 970 2386; x_wconf 87' lang='lat' dir='ltr'>fortuna</span> <span class='ocrx_word' id='word_1_154' title='bbox 978 2328 1020 2384; x_wconf 83' lang='lat' dir='ltr'>vel</span> <span class='ocrx_word' id='word_1_155' title='bbox 1042 2326 1082 2385; x_wconf 72' lang='lat'>20</span> 
     </span>
     <span class='ocr_line' id='line_1_22' title="bbox 113 2421 1024 2482; baseline 0 -2"><span class='ocrx_word' id='word_1_156' title='bbox 113 2436 214 2482; x_wconf 87' lang='lat' dir='ltr'>natura</span> <span class='ocrx_word' id='word_1_157' title='bbox 241 2424 389 2481; x_wconf 85' lang='lat' dir='ltr'>tribuerat.</span> <span class='ocrx_word' id='word_1_158' title='bbox 432 2421 557 2480; x_wconf 87' lang='lat' dir='ltr'>Ineunte</span> <span class='ocrx_word' id='word_1_159' title='bbox 586 2423 782 2481; x_wconf 70' lang='lat' dir='ltr'>adolescentia</span> <span class='ocrx_word' id='word_1_160' title='bbox 808 2435 919 2481; x_wconf 83' lang='lat' dir='ltr'>amatus</span> <span class='ocrx_word' id='word_1_161' title='bbox 943 2433 1024 2480; x_wconf 85' lang='lat' dir='ltr'>esta</span> 
     </span>
     <span class='ocr_line' id='line_1_23' title="bbox 114 2517 1023 2594; baseline -0.001 -18"><span class='ocrx_word' id='word_1_162' title='bbox 114 2519 209 2577; x_wconf 86' lang='lat' dir='ltr'>multis</span> <span class='ocrx_word' id='word_1_163' title='bbox 224 2538 302 2577; x_wconf 88' lang='lat' dir='ltr'>more</span> <span class='ocrx_word' id='word_1_164' title='bbox 315 2519 496 2590; x_wconf 84' lang='lat' dir='ltr'>Graecorum,</span> <span class='ocrx_word' id='word_1_165' title='bbox 511 2517 598 2575; x_wconf 90' lang='lat' dir='ltr'>ineis</span> <span class='ocrx_word' id='word_1_166' title='bbox 613 2537 630 2575; x_wconf 85' lang='lat' dir='ltr'>a</span> <span class='ocrx_word' id='word_1_167' title='bbox 645 2518 775 2590; x_wconf 85' lang='lat' dir='ltr'>Socrate,</span> <span class='ocrx_word' id='word_1_168' title='bbox 790 2518 826 2575; x_wconf 93' lang='lat' dir='ltr'>de</span> <span class='ocrx_word' id='word_1_169' title='bbox 851 2538 907 2594; x_wconf 92' lang='lat' dir='ltr'>quo</span> <span class='ocrx_word' id='word_1_170' title='bbox 921 2518 1023 2576; x_wconf 89' lang='lat' dir='ltr'>menti-</span> 
     </span>
     <span class='ocr_line' id='line_1_24' title="bbox 111 2612 1023 2688; baseline -0.001 -16"><span class='ocrx_word' id='word_1_171' title='bbox 111 2632 196 2672; x_wconf 90' lang='lat' dir='ltr'>onem</span> <span class='ocrx_word' id='word_1_172' title='bbox 211 2614 282 2673; x_wconf 83' lang='lat' dir='ltr'>facit</span> <span class='ocrx_word' id='word_1_173' title='bbox 303 2613 386 2671; x_wconf 90' lang='lat' dir='ltr'>Plato</span> <span class='ocrx_word' id='word_1_174' title='bbox 404 2613 434 2669; x_wconf 93' lang='lat' dir='ltr'>in</span> <span class='ocrx_word' id='word_1_175' title='bbox 459 2613 619 2688; x_wconf 79' lang='lat' dir='ltr'>Symposio.</span> <span class='ocrx_word' id='word_1_176' title='bbox 661 2612 795 2688; x_wconf 82' lang='lat' dir='ltr'>Namque</span> <span class='ocrx_word' id='word_1_177' title='bbox 817 2633 884 2671; x_wconf 90' lang='lat' dir='ltr'>eum</span> <span class='ocrx_word' id='word_1_178' title='bbox 910 2613 1023 2671; x_wconf 88' lang='lat' dir='ltr'>induxit</span> 
     </span>
     <span class='ocr_line' id='line_1_25' title="bbox 111 2709 1022 2786; baseline -0.001 -19"><span class='ocrx_word' id='word_1_179' title='bbox 111 2720 396 2781; x_wconf 89' lang='lat' dir='ltr'>commemorantem,</span> <span class='ocrx_word' id='word_1_180' title='bbox 424 2728 454 2766; x_wconf 90' lang='lat' dir='ltr'>se</span> <span class='ocrx_word' id='word_1_181' title='bbox 482 2709 667 2786; x_wconf 59' lang='lat' dir='ltr'>pernoctasse</span> <span class='ocrx_word' id='word_1_182' title='bbox 692 2728 759 2766; x_wconf 91' lang='lat' dir='ltr'>cum</span> <span class='ocrx_word' id='word_1_183' title='bbox 785 2710 914 2782; x_wconf 82' lang='lat' dir='ltr'>Socrate,</span> <span class='ocrx_word' id='word_1_184' title='bbox 929 2728 1022 2784; x_wconf 88' lang='lat' dir='ltr'>neque</span> 
     </span>
    </p>
   </div>
   <div class='ocr_carea' id='block_1_3' title="bbox 26 2802 1082 2880">
    <p class='ocr_par' dir='ltr' id='par_1_3' title="bbox 26 2802 1082 2880">
     <span class='ocr_line' id='line_1_26' title="bbox 26 2802 1082 2880; baseline 0.001 -18"><span class='ocrx_word' id='word_1_185' title='bbox 26 2808 30 2815; x_wconf 93' lang='lat'>&#39;</span> <span class='ocrx_word' id='word_1_186' title='bbox 112 2805 193 2863; x_wconf 88' lang='lat' dir='ltr'>aliter</span> <span class='ocrx_word' id='word_1_187' title='bbox 222 2804 258 2862; x_wconf 88' lang='lat' dir='ltr'>ab</span> <span class='ocrx_word' id='word_1_188' title='bbox 285 2825 320 2863; x_wconf 88' lang='lat' dir='ltr'>eo</span> <span class='ocrx_word' id='word_1_189' title='bbox 344 2804 512 2878; x_wconf 83' lang='lat' dir='ltr'>surrexisse,</span> <span class='ocrx_word' id='word_1_190' title='bbox 538 2824 572 2862; x_wconf 90' lang='lat' dir='ltr'>ac</span> <span class='ocrx_word' id='word_1_191' title='bbox 593 2804 669 2862; x_wconf 88' lang='lat' dir='ltr'>filius</span> <span class='ocrx_word' id='word_1_192' title='bbox 694 2823 711 2861; x_wconf 85' lang='lat' dir='ltr'>a</span> <span class='ocrx_word' id='word_1_193' title='bbox 733 2816 852 2880; x_wconf 85' lang='lat' dir='ltr'>parente</span> <span class='ocrx_word' id='word_1_194' title='bbox 880 2802 1021 2862; x_wconf 87' lang='lat' dir='ltr'>debuerit.</span> <span class='ocrx_word' id='word_1_195' title='bbox 1042 2805 1082 2863; x_wconf 77' lang='lat'>25</span> 
     </span>
    </p>
   </div>
   <div class='ocr_carea' id='block_1_4' title="bbox 85 2896 1081 3645">
    <p class='ocr_par' dir='ltr' id='par_1_4' title="bbox 85 2896 1023 3262">
     <span class='ocr_line' id='line_1_27' title="bbox 85 2896 1022 2976; baseline 0.003 -23"><span class='ocrx_word' id='word_1_196' title='bbox 85 2944 90 2953; x_wconf 83' lang='lat'><strong>.</strong></span> <span class='ocrx_word' id='word_1_197' title='bbox 114 2896 302 2976; x_wconf 84' lang='lat' dir='ltr'>Posteaquam</span> <span class='ocrx_word' id='word_1_198' title='bbox 328 2900 470 2959; x_wconf 88' lang='lat' dir='ltr'>robustior</span> <span class='ocrx_word' id='word_1_199' title='bbox 498 2911 542 2957; x_wconf 87' lang='lat' dir='ltr'>est</span> <span class='ocrx_word' id='word_1_200' title='bbox 577 2901 680 2970; x_wconf 83' lang='lat' dir='ltr'>factus,</span> <span class='ocrx_word' id='word_1_201' title='bbox 712 2919 771 2956; x_wconf 91' lang='lat' dir='ltr'>non</span> <span class='ocrx_word' id='word_1_202' title='bbox 796 2898 893 2956; x_wconf 76' lang='lat' dir='ltr'>mimis</span> <span class='ocrx_word' id='word_1_203' title='bbox 917 2899 1022 2957; x_wconf 85' lang='lat' dir='ltr'>multos</span> 
     </span>
     <span class='ocr_line' id='line_1_28' title="bbox 111 2993 1023 3071; baseline 0 -20"><span class='ocrx_word' id='word_1_204' title='bbox 111 2996 236 3065; x_wconf 80' lang='lat' dir='ltr'>amavit3</span> <span class='ocrx_word' id='word_1_205' title='bbox 260 2995 288 3053; x_wconf 92' lang='lat' dir='ltr'>in</span> <span class='ocrx_word' id='word_1_206' title='bbox 302 3015 434 3071; x_wconf 81' lang='lat' dir='ltr'>¹quorum</span> <span class='ocrx_word' id='word_1_207' title='bbox 457 3014 563 3067; x_wconf 87' lang='lat' dir='ltr'>amore,</span> <span class='ocrx_word' id='word_1_208' title='bbox 591 2994 685 3068; x_wconf 91' lang='lat' dir='ltr'>quoad</span> <span class='ocrx_word' id='word_1_209' title='bbox 712 2993 824 3050; x_wconf 83' lang='lat' dir='ltr'>licitum</span> <span class='ocrx_word' id='word_1_210' title='bbox 849 3005 902 3064; x_wconf 89' lang='lat' dir='ltr'>est,</span> <span class='ocrx_word' id='word_1_211' title='bbox 923 2993 1023 3051; x_wconf 87' lang='lat' dir='ltr'>odiosa</span> 
     </span>
     <span class='ocr_line' id='line_1_29' title="bbox 110 3088 1021 3166; baseline 0 -19"><span class='ocrx_word' id='word_1_212' title='bbox 110 3092 200 3150; x_wconf 88' lang='lat' dir='ltr'>multa</span> <span class='ocrx_word' id='word_1_213' title='bbox 224 3089 350 3149; x_wconf 69' lang='lat' dir='ltr'>delicate</span> <span class='ocrx_word' id='word_1_214' title='bbox 372 3090 529 3166; x_wconf 76' lang='lat' dir='ltr'>jocostique</span> <span class='ocrx_word' id='word_1_215' title='bbox 559 3089 645 3158; x_wconf 86' lang='lat' dir='ltr'>fecit;</span> <span class='ocrx_word' id='word_1_216' title='bbox 667 3107 729 3164; x_wconf 86' lang='lat' dir='ltr'>quae</span> <span class='ocrx_word' id='word_1_217' title='bbox 758 3088 939 3160; x_wconf 86' lang='lat' dir='ltr'>referremus,</span> <span class='ocrx_word' id='word_1_218' title='bbox 965 3089 1021 3147; x_wconf 91' lang='lat' dir='ltr'>nisi</span> 
     </span>
     <span class='ocr_line' id='line_1_30' title="bbox 111 3187 593 3262; baseline -0.004 -19"><span class='ocrx_word' id='word_1_219' title='bbox 111 3187 219 3260; x_wconf 87' lang='lat' dir='ltr'>majora</span> <span class='ocrx_word' id='word_1_220' title='bbox 232 3187 400 3262; x_wconf 88' lang='lat' dir='ltr'>potioraque</span> <span class='ocrx_word' id='word_1_221' title='bbox 412 3188 593 3243; x_wconf 87' lang='lat' dir='ltr'>haberemus.</span> 
     </span>
    </p>

    <p class='ocr_par' dir='ltr' id='par_1_5' title="bbox 108 3279 1081 3645">
     <span class='ocr_line' id='line_1_31' title="bbox 150 3279 1081 3359; baseline 0.001 -21"><span class='ocrx_word' id='word_1_222' title='bbox 150 3282 207 3338; x_wconf 92' lang='grc' dir='ltr'>ΙΙΙ.</span> <span class='ocrx_word' id='word_1_223' title='bbox 250 3283 332 3340; x_wconf 89' lang='lat' dir='ltr'>Bello</span> <span class='ocrx_word' id='word_1_224' title='bbox 346 3281 557 3359; x_wconf 89' lang='lat' dir='ltr'>Peloponnesio</span> <span class='ocrx_word' id='word_1_225' title='bbox 579 3280 664 3356; x_wconf 89' lang='lat' dir='ltr'>hujus</span> <span class='ocrx_word' id='word_1_226' title='bbox 676 3279 796 3337; x_wconf 89' lang='lat' dir='ltr'>consilio</span> <span class='ocrx_word' id='word_1_227' title='bbox 811 3291 895 3355; x_wconf 86' lang='lat' dir='ltr'>atque</span> <span class='ocrx_word' id='word_1_228' title='bbox 911 3293 1022 3338; x_wconf 88' lang='lat' dir='ltr'>auctor·</span> <span class='ocrx_word' id='word_1_229' title='bbox 1041 3282 1081 3339; x_wconf 77' lang='lat'>30</span> 
     </span>
     <span class='ocr_line' id='line_1_32' title="bbox 111 3374 1020 3451; baseline -0.003 -17"><span class='ocrx_word' id='word_1_230' title='bbox 111 3378 179 3436; x_wconf 87' lang='lat' dir='ltr'>itate</span> <span class='ocrx_word' id='word_1_231' title='bbox 207 3377 405 3435; x_wconf 86' lang='lat' dir='ltr'>Athenienses</span> <span class='ocrx_word' id='word_1_232' title='bbox 426 3377 534 3434; x_wconf 90' lang='lat' dir='ltr'>bellum</span> <span class='ocrx_word' id='word_1_233' title='bbox 559 3374 749 3451; x_wconf 84' lang='lat' dir='ltr'>Syracusanis</span> <span class='ocrx_word' id='word_1_234' title='bbox 773 3374 957 3433; x_wconf 81' lang='lat' dir='ltr'>indixerunt:</span> <span class='ocrx_word' id='word_1_235' title='bbox 985 3376 1020 3432; x_wconf 89' lang='lat' dir='ltr'>ad</span> 
     </span>
     <span class='ocr_line' id='line_1_33' title="bbox 109 3470 1021 3549; baseline -0.002 -20"><span class='ocrx_word' id='word_1_236' title='bbox 109 3473 186 3547; x_wconf 91' lang='lat' dir='ltr'>quod</span> <span class='ocrx_word' id='word_1_237' title='bbox 198 3473 358 3549; x_wconf 84' lang='lat' dir='ltr'>gerendum</span> <span class='ocrx_word' id='word_1_238' title='bbox 377 3473 438 3549; x_wconf 89' lang='lat' dir='ltr'>ipse</span> <span class='ocrx_word' id='word_1_239' title='bbox 463 3473 522 3529; x_wconf 87' lang='lat' dir='ltr'>dux</span> <span class='ocrx_word' id='word_1_240' title='bbox 546 3471 676 3528; x_wconf 89' lang='lat' dir='ltr'>delectus</span> <span class='ocrx_word' id='word_1_241' title='bbox 700 3481 751 3528; x_wconf 86' lang='lat' dir='ltr'>est.</span> <span class='ocrx_word' id='word_1_242' title='bbox 795 3470 861 3528; x_wconf 92' lang='lat' dir='ltr'>Duo</span> <span class='ocrx_word' id='word_1_243' title='bbox 882 3483 1021 3545; x_wconf 84' lang='lat' dir='ltr'>praeterea</span> 
     </span>
     <span class='ocr_line' id='line_1_34' title="bbox 108 3565 1020 3645; baseline -0.007 -18"><span class='ocrx_word' id='word_1_244' title='bbox 108 3567 230 3645; x_wconf 75' lang='lat' dir='ltr'>college</span> <span class='ocrx_word' id='word_1_245' title='bbox 244 3566 314 3640; x_wconf 88' lang='lat' dir='ltr'>dati,</span> <span class='ocrx_word' id='word_1_246' title='bbox 330 3566 433 3628; x_wconf 83' lang='lat' dir='ltr'>Nicias</span> <span class='ocrx_word' id='word_1_247' title='bbox 446 3578 476 3625; x_wconf 84' lang='lat' dir='ltr'>et</span> <span class='ocrx_word' id='word_1_248' title='bbox 490 3565 663 3625; x_wconf 83' lang='lat' dir='ltr'>Lamachus,</span> <span class='ocrx_word' id='word_1_249' title='bbox 704 3565 739 3625; x_wconf 89' lang='lat' dir='ltr'>Id</span> <span class='ocrx_word' id='word_1_250' title='bbox 761 3584 849 3644; x_wconf 90' lang='lat' dir='ltr'>quum</span> <span class='ocrx_word' id='word_1_251' title='bbox 872 3582 1020 3643; x_wconf 83' lang='lat' dir='ltr'>apparare·</span> 
     </span>
    </p>
   </div>
   <div class='ocr_carea' id='block_1_5' title="bbox 0 0 1200 4132">
    <p class='ocr_par' dir='ltr' id='par_1_6' title="bbox 0 0 1200 4132">
     <span class='ocr_line' id='line_1_35' title="bbox 0 0 1200 4132; baseline 0 0"><span class='ocrx_word' id='word_1_252' title='bbox 0 0 1200 4132; x_wconf 95' lang='lat' dir='ltr'> </span> 
     </span>
    </p>
   </div>
  </div>
 </body>
</html>
