2392 4132
108 339 148 398 24
212 417 221 430 ο
526 345 726 397 LYSANDER.

169 509 211 565 ric
231 525 316 564 coena
335 507 362 563 ei
384 506 569 581 coquebatur,
588 518 631 578 ut,
652 524 723 581 quos
744 504 891 564 invocatos
912 502 1033 562 vidisset
1053 503 1083 563 in

170 604 240 674 foro,
259 620 360 659 omnes
374 602 543 658 devocaret:
563 601 640 676 quod
661 602 757 658 facere
778 601 891 657 nullum
913 599 991 656 diem
1011 618 1084 675 prae·

169 697 354 755 termittebat.
408 695 490 753 Nulli
501 696 573 752 fides
584 696 657 771 ejus,
669 695 741 752 nulli
751 714 849 770 opera,
862 695 935 752 nulli
945 714 992 752 res
1003 693 1084 752 fami·
1099 726 1110 743 ι

168 793 248 850 liaris
268 792 374 862 defuit3
399 791 504 849 multos
524 791 725 866 locupletavit3
759 791 921 865 complures
941 808 1084 866 pauperes

109 889 130 946 ὃ
169 898 306 959 mortuoS,
337 887 397 962 qni,
420 887 498 943 unde
519 887 699 959 efferrentur,
728 906 785 944 non
814 885 1008 960 reliquissent,
1031 904 1084 943 suo

169 993 284 1057 sumptu
298 981 408 1039 extulit.
451 981 502 1039 Sic
516 1000 547 1038 se
561 981 699 1057 gerendo,
714 976 833 1037 minime
849 992 893 1037 est
906 978 1082 1050 mirandum,

119 1063 121 1066 ¹
169 1077 194 1134 si
204 1087 235 1134 et
247 1076 305 1134 vita
319 1076 381 1153 ejus
395 1076 449 1134 fuit
463 1095 575 1149 secura,
589 1088 619 1134 et
632 1095 709 1134 mors
723 1075 836 1132 acerba

414 1306 417 1311 ·
511 1302 741 1318 -u—u-

432 1469 486 1527 VI.
522 1467 862 1527 LYSANDERw
905 1482 932 1512 ἰ
967 1467 1050 1524 5-’4

209 1643 233 1703 Ι.
275 1644 441 1720 Lysander,
464 1643 709 1715 Lacedmmoar'm,
738 1659 873 1718 magnam
898 1639 1014 1716 reliquit
1037 1638 1082 1698 sui

171 1740 287 1813 famam,
302 1740 394 1817 magis
408 1740 546 1798 felicitate
566 1737 653 1815 qualm
673 1738 778 1796 virtute
798 1748 918 1812 partam.
960 1735 1083 1795 Atheni·

113 1834 151 1892 10
170 1854 255 1892 enses
276 1835 354 1891 enim
378 1835 408 1891 in
433 1834 659 1910 Peloponnesios
682 1845 763 1891 sexto
790 1843 820 1890 et
849 1831 984 1890 vicesimo
1007 1851 1082 1889 anno

170 1931 278 1986 bellum
305 1940 439 2002 gerentes
463 1928 624 1986 confecisse
649 1939 774 2003 apparet.
828 1927 863 1983 Id
890 1928 947 2002 qud
971 1928 1081 1986 ratione

170 2033 344 2081 consecutus
366 2022 413 2095 sit,
427 2023 505 2080 latet.
547 2021 616 2080 Non
635 2021 714 2079 enim
736 2021 839 2080 virtute
860 2022 906 2080 sui
927 2023 1081 2095 exercitlls,

170 2121 222 2177 sed
246 2119 428 2178 immodestia
455 2121 564 2178 factum
591 2132 635 2178 est
663 2119 901 2193 adversariorum,
923 2121 982 2196 qui,
1005 2120 1081 2196 quod

170 2216 248 2274 dicto
263 2215 414 2273 audientes
436 2214 656 2290 imperatoribus
678 2215 737 2272 suis
758 2235 818 2272 non
840 2227 933 2289 erant,
948 2215 1081 2292 dispalati

113 2310 151 2367 15
171 2310 201 2366 in
211 2309 298 2384 agris,
320 2309 429 2366 relictis
442 2309 565 2366 navibus
576 2309 606 2365 in
617 2309 742 2366 hostium
753 2322 895 2368 venerunt
902 2323 1081 2386 potestatem.

168 2402 239 2465 Quo
264 2403 341 2461 facto
366 2403 563 2460 Athenienses
587 2422 619 2460 se
646 2403 876 2464 Lacedaemoniis
900 2406 1082 2464 dediderunt.

170 2498 238 2554 Hac
252 2495 372 2554 victoria
386 2496 536 2571 Lysander
550 2497 654 2569 elatus,
667 2517 757 2572 quum
772 2512 858 2557 antea
875 2519 988 2575 semper
1002 2502 1084 2560 facti·

168 2613 236 2651 osus
252 2591 402 2664 audaxque
416 2590 526 2662 fuisset,
541 2590 584 2649 sic
598 2591 653 2648 sibi
672 2592 800 2663 indulsit,
816 2605 847 2650 ut
868 2593 931 2667 ejus
951 2597 1040 2668 opera
1054 2597 1084 2654 in

169 2686 328 2746 maximum
361 2686 460 2743 odium
487 2685 609 2743 Graeciae
643 2686 858 2743 Lacedaemonii
890 2691 1083 2762 pervenerint.

109 2786 150 2845 20
170 2783 248 2842 Nam
261 2801 350 2857 quum
365 2782 442 2838 hano
455 2799 573 2837 causam
588 2780 804 2838 Lacedaemonii
825 2781 1008 2842 dictitassent
1029 2786 1083 2843 sibi
1167 2832 1171 2841 .

168 2900 233 2939 esse
254 2877 332 2950 belli,
349 2889 382 2935 ut
402 2874 627 2934 Atheniensium
649 2876 836 2952 impotentem
856 2878 1083 2939 dominationem

169 2976 370 3050 refringerent,
397 2983 549 3049 postquam
577 2974 653 3050 apud
677 2973 769 3050 AEgos
796 2973 904 3032 flumen
931 2975 1082 3050 Lysander

170 3071 271 3130 classis
285 3070 411 3128 hostiurn
426 3080 470 3126 est
482 3068 602 3144 potituS,
617 3069 689 3126 nihil
706 3069 784 3126 alind
798 3070 913 3128 molitus
927 3081 980 3142 est,
995 3069 1082 3145 qudm

169 3178 202 3224 ut
215 3184 316 3223 omues
327 3165 459 3222 civitates
473 3163 503 3220 in
517 3163 570 3220 sud
594 3175 706 3221 teneret
723 3165 875 3238 potestate,
889 3182 978 3238 quum
997 3164 1025 3220 id
1051 3185 1082 3223 se

109 3261 150 3320 2⁵
170 3260 458 3320 Lacedaemoniorum
491 3259 581 3315 causa
614 3259 710 3316 facere
744 3256 899 3315 simularet.
949 3257 1083 3334 Namque

169 3356 308 3430 undique,
332 3354 382 3429 qui
403 3352 628 3413 Atheniensium
650 3353 736 3410 rebus
760 3352 948 3426 studuissent,
970 3354 1083 3430 ejectis,

170 3453 272 3509 decem
287 3451 435 3526 delegerat
448 3451 477 3507 in
493 3448 665 3525 unaquhque
679 3448 806 3521 civitate,
821 3447 925 3523 quibus
939 3468 1083 3508 summurn

171 3544 323 3625 imperium
351 3557 579 3623 potestatemque
605 3544 735 3603 omnium
759 3563 855 3602 rerum
882 3543 1082 3604 committeret.
