2392 4132
486 324 686 377 HAMILCAR·
1053 318 1093 377 a?

126 481 253 558 Lutatio,
268 486 387 543 consule
401 485 610 558 Romanorum,
625 485 761 560 superati,
784 496 946 543 statuerunt
967 484 1035 544 belli

125 580 214 637 linem
229 581 335 655 lacere,
350 599 470 654 eamque
483 600 544 637 rem
568 580 685 637 arbitrio
708 580 900 654 permiserunt
924 579 1036 637 Hamil-

125 674 209 731 caris.
251 674 315 747 Ille,
343 674 397 733 etsi
424 674 564 749 flagrabat
590 673 717 730 bellandi
744 674 912 749 cupiditate,
937 687 1035 732 tamen

124 770 191 844 paci
205 769 387 826 serviendum
401 767 520 844 putavit,
534 766 611 842 qudd
625 769 747 842 patriam
761 770 929 826 exhaustam
941 788 1036 846 sump-

125 864 212 935 tibus,
227 864 336 920 diutius
350 863 544 920 calamitatem
559 861 627 918 belli
641 862 715 918 ferre
726 881 784 918 non
798 881 881 937 posse
896 862 1036 938 intellige·
1054 865 1076 921 ὃ

126 962 191 1030 bat3
213 961 263 1017 sed
278 961 328 1032 ita,
343 960 484 1017 utstatim
498 970 595 1016 mente
615 958 746 1033 agitaret,
761 960 785 1015 si
806 957 924 1035 paulirm
948 958 1035 1017 modb

72 1070 77 1077 ’
125 1073 172 1111 res
186 1065 283 1111 essent
293 1055 419 1124 refeetae,
435 1052 542 1108 bellum
557 1071 705 1124 renovare,
720 1051 925 1128 Romanosque
950 1054 1036 1111 armis

125 1148 267 1224 persequi,
282 1147 420 1204 donicum
434 1157 484 1204 aut
497 1144 576 1203 certa
596 1146 742 1219 vicissent,
768 1158 816 1204 aut
841 1148 908 1206 victi
932 1167 1035 1205 manus

125 1243 281 1300 dedissent.
337 1242 404 1299 Hoc
430 1241 552 1300 consilio
583 1260 686 1316 pacem
718 1242 893 1314 conciliavit,
921 1243 951 1299 in
978 1244 1035 1318 qut

126 1337 207 1393 tanta
224 1337 278 1394 luit
292 1335 410 1407 ferocia,
425 1347 467 1406 ut,
488 1353 575 1409 quum
587 1335 709 1392 Catulus
730 1348 850 1411 negaret
874 1356 905 1393 se
927 1337 1034 1394 bellum
1057 1337 1095 1395 10

125 1430 360 1506 compositurum,
374 1429 431 1487 nisi
459 1429 506 1486 ille
533 1448 601 1486 cum
629 1429 699 1502 suis,
722 1429 773 1503 qui
797 1430 922 1504 Erycem
936 1442 1036 1489 tenuc-

124 1536 203 1596 runt,
232 1523 319 1582 armis
344 1523 463 1594 relictis,
491 1522 593 1579 Sicilia
618 1523 803 1595 decederent,
826 1525 1034 1582 succumbente

124 1619 227 1694 patria,
239 1618 303 1693 ipse
316 1617 473 1693 periturum
488 1636 519 1673 se
533 1616 628 1692 potiris
643 1616 756 1688 dixerit,
772 1616 858 1691 quam
873 1637 940 1675 cum
954 1630 1035 1676 tanto

124 1711 234 1787 flagitio
256 1712 373 1769 domum
396 1711 511 1769 rediret.
553 1710 621 1769 Nou
643 1711 721 1767 enim
744 1729 803 1767 suae
826 1730 891 1769 esse
912 1713 1033 1786 virtutis,

124 1804 339 1882 armaapatriti
365 1816 485 1881 accepta
509 1803 645 1862 adversim
669 1806 766 1863 hostes
787 1805 957 1863 adversariis
980 1817 1035 1865 tra·
1057 1807 1094 1865 lt

123 1902 202 1958 dere.
245 1900 342 1983 Hujus
356 1900 522 1975 pertinaciae
538 1900 626 1958 cessit
639 1900 770 1957 Catulus.

163 1995 204 2052 ΙΙ.
246 1996 287 2053 At
301 1995 359 2066 ille,
375 2006 406 2053 ut
425 1995 633 2070 Carthaginem
654 1995 742 2067 venit,
765 1994 856 2053 multd
883 1996 975 2067 aliter,
1000 2014 1035 2053 ac

123 2091 265 2166 sperabat,
280 2090 488 2165 rempublicam
502 2109 533 2146 se
548 2090 702 2147 habentem
714 2090 856 2165 cognovit.
898 2090 1034 2165 Namque

123 2185 311 2243 diuturnitate
335 2185 447 2242 externi
473 2185 541 2241 mali
573 2182 686 2242 tantirm
722 2185 829 2243 exarsit
864 2185 1034 2243 intestinum

124 2281 241 2352 bellum,
255 2291 444 2354 utnunquam
458 2279 520 2355 pari
538 2272 666 2355 periculo
688 2281 774 2338 fuerit
798 2280 954 2356 Carthago,
977 2280 1033 2349 nisi
1053 2280 1094 2339 2⁰

123 2393 211 2448 quum
223 2375 318 2431 deleta
334 2384 386 2431 est.
428 2372 525 2431 Primb
540 2374 712 2431 mercenarii
726 2374 841 2447 milites,
864 2375 912 2450 qui
936 2376 1034 2432 adver-

124 2465 173 2525 siis
195 2466 346 2525 Romanos
373 2467 496 2538 fuerant,
525 2467 728 2525 desciverunt:
750 2488 870 2543 quorum
895 2489 1033 2527 numerus

123 2573 185 2619 erat
200 2560 301 2638 viginti
320 2561 451 2618 millium.
493 2560 534 2617 Hi
555 2572 643 2618 totam
666 2562 868 2621 abalienarunt
891 2563 1032 2636 Africam,

124 2656 214 2732 ipsam
230 2656 436 2732 Carthaginem
460 2656 672 2731 oppugnarunt.
713 2656 831 2717 Quibus
852 2657 936 2714 malis
958 2656 1031 2715 adab

123 2762 191 2808 sunt
204 2750 285 2807 Poeni
300 2750 453 2825 perterriti,
468 2762 501 2807 ut
513 2751 600 2807 etiam
616 2751 723 2807 auxilia
738 2770 754 2809 a
769 2751 913 2809 Romanis
926 2753 1033 2827 petire·
1051 2753 1094 2811 25

123 2846 190 2917 rint,
202 2860 292 2920 eaque
307 2845 494 2920 impetrarint.
537 2845 596 2901 Sed
610 2843 749 2916 extremi),
771 2864 859 2919 quum
876 2865 963 2920 prope
974 2846 1033 2920 jam

124 2941 159 2997 ad
175 2938 405 3014 desperationem
432 2938 639 3013 pervenissent,
662 2937 859 2995 Hamilcarem
884 2939 1034 3013 imperato-

122 3054 183 3092 rem
199 3036 337 3092 fecerunt.
379 3033 409 3090 Is
424 3052 482 3091 uon
497 3031 589 3090 sollim
603 3033 700 3090 hostes
715 3051 732 3088 a
746 3032 835 3090 muris
842 3033 1034 3109 'Carthaginis

122 3129 252 3200 removit,
264 3148 352 3203 quum
364 3126 487 3202 amplibs
507 3139 625 3185 centum
638 3127 730 3184 millia
742 3128 819 3184 facta
832 3138 928 3184 essent
944 3147 1035 3186 arma·

123 3236 238 3293 torum3
260 3224 311 3280 sed
333 3222 420 3280 etiam
444 3221 480 3279 ed
505 3222 652 3297 compulit,
677 3234 718 3293 ut,
741 3223 868 3279 locorum
894 3224 1035 3298 angustiis
1053 3225 1094 3283 30

122 3318 224 3390 clausi,
251 3319 348 3393 plures
375 3317 461 3389 fame,
488 3315 575 3391 quarn
602 3316 676 3374 ferro
711 3316 870 3375 interirent.
925 3317 1035 3375 Omnia

121 3411 229 3488 oppida
242 3411 413 3483 abalienata,
429 3411 457 3466 in
478 3410 533 3467 his'
544 3409 660 3467 Uticam
685 3422 769 3483 atque
791 3410 968 3488 Hipponem,
988 3432 1036 3471 va·

123 3506 285 3566 lentissima
305 3507 392 3564 totius
419 3505 539 3576 Africae,
568 3503 691 3562 restituit
717 3503 827 3581 patriae.
869 3503 973 3580 Neque
999 3524 1035 3566 eo
