2392 4132
458 286 666 335 Pausanias.

110 443 317 518 Eretriensem,
331 445 381 519 qui
394 444 504 503 litteras
519 445 599 520 Regi
612 444 755 516 redderet,
777 443 807 500 in
829 444 933 519 quibus
957 446 1021 503 haec

79 528 83 543 ‘
111 540 198 597 luisse
221 541 338 615 scripta,
363 539 554 614 Thucydides
578 539 723 597 memoriae
744 539 888 615 prodidit:
918 540 1022 619 ‘fPau-

110 635 216 707 sanias,
242 635 301 692 dux
325 636 445 710 Spartae,
471 654 542 709 quos
563 634 700 709 Byzantii
722 646 847 709 ceperat,
869 645 1020 710 postquam

109 729 284 806 propinquos
297 741 361 787 tuos
376 730 520 805 cognovit,
535 730 588 787 tibi
601 729 714 787 muneri
729 729 816 802 misit,
826 749 913 804 seque
922 742 1020 788 tecum

110 825 249 883 affinitate
263 824 402 900 conjungi
413 825 512 901 cupit:
533 844 632 900 quare,
655 825 679 882 si
697 824 751 882 tibi
774 824 896 897 videtur,
919 825 970 882 des
991 824 1059 882 eis
1108 856 1111 862 ·

110 921 198 978 filiam
212 932 291 978 tuam
302 931 432 995 nuptum.
475 919 510 976 Id
525 922 549 978 si
563 920 676 993 feceris,
691 931 720 978 et
741 921 874 995 Spartam
892 932 922 980 et
937 933 1020 979 caete-

109 1036 171 1073 ram
185 1017 329 1073 Graeciam
353 1016 408 1072 sub
431 1027 510 1073 tuam
537 1027 708 1091 potestatem
735 1034 776 1087 se,
804 1015 957 1091 adjuvante
979 1028 1019 1089 te,

109 1112 293 1169 redacturum
306 1111 465 1186 pollicetur.
508 1110 564 1168 His
578 1112 711 1179 derebus
725 1110 832 1185 siquid
856 1111 919 1186 geri
943 1113 1020 1169 volu·

109 1206 177 1277 eris,
200 1218 317 1285 'certum
342 1206 488 1263 hominem
517 1206 553 1263 ad
578 1225 645 1262 eum
667 1206 764 1264 mittas
786 1207 860 1279 face,
881 1225 948 1263 cum
962 1226 1019 1282 quo

110 1301 427 1376 colloquatur-Rex
439 1313 481 1360 tot
496 1301 645 1359 hominurn
659 1302 762 1374 salute,
777 1314 836 1360 tam
850 1301 905 1359 sibi
919 1321 1019 1359 neces·
1040 1303 1078 1363 1⁰

110 1397 260 1468 sariorum,
283 1415 458 1472 magnopere
482 1396 607 1472 gavisus,
632 1398 785 1455 confestim
809 1417 877 1454 cum
892 1396 1019 1478 ¹epistolia

110 1493 293 1550 Artabazum
308 1492 344 1549 ad
359 1491 533 1549 Pausaniam
547 1491 644 1565 mittit,
660 1492 690 1549 in
711 1492 768 1567 qud
782 1512 849 1550 eum
863 1493 1018 1565 collaudat,

110 1607 145 1644 ac
153 1588 234 1663 petit,
243 1587 330 1644 necui
340 1587 382 1645 rei
395 1597 496 1662 parcat
511 1586 547 1644 ad
556 1588 848 1663 eaperlicieudaqure
857 1587 1017 1663 pollicetur.

110 1683 143 1739 Si
158 1683 269 1756 fecerit,
290 1683 398 1741 nullius
418 1683 461 1741 rei
486 1702 503 1741 a
524 1701 555 1740 se
578 1683 723 1757 repulsam
746 1683 879 1739 laturum.
922 1681 1019 1758 Hujus

110 1779 269 1836 Pausanias
283 1780 429 1837 voluntate
444 1777 571 1857 cognita,
586 1777 706 1836 alacrior
721 1778 757 1835 ad
779 1797 840 1835 rem
861 1778 1019 1853 gerendam
1041 1780 1096 1837 15·

110 1876 213 1946 factus,
236 1874 266 1930 in
294 1875 489 1950 suspicionem
513 1873 621 1932 cecidit
644 1872 941 1932 Lacedaemoniorum.
983 1872 1019 1932 In

109 1985 165 2045 quo
179 1971 256 2028 facto
269 1970 387 2027 domum
404 1952 568 2042 ierooatus,
590 1981 743 2028 accusatus
765 1969 878 2045 capitis,
901 1969 1020 2027 absolvi·

109 2078 165 2139 tur,
179 2068 316 2124 multatur
330 2077 427 2123 tamen
441 2065 586 2141 pecunia:
607 2084 693 2140 quam
707 2066 744 2124 ob
757 2085 876 2123 causam
891 2067 926 2123 ad
947 2067 1020 2123 clas·

109 2180 172 2218 sem
185 2160 323 2218 remissus
337 2179 396 2218 non
411 2173 463 2218 est.

148 2255 207 2313 ΙΙΙ.
249 2257 290 2314 At
304 2255 352 2312 ille
366 2253 431 2331 pdst
445 2276 503 2314 non
517 2254 608 2314 multb
623 2257 675 2314 sud
690 2268 791 2332 sponte
807 2256 843 2313 ad
857 2255 1017 2313 exercitum
1037 2257 1078 2315 20

108 2351 204 2424 rediit,
219 2362 249 2408 et
262 2349 304 2407 ibi
316 2349 506 2417 non‘oallidd
527 2353 579 2408 sed
603 2352 731 2410 dementi
755 2353 867 2410 ratione
891 2352 1019 2427 cogitata

109 2445 255 2522 patefecit.
273 2507 276 2511 A
297 2443 367 2504 Non
388 2444 467 2503 enim
491 2465 585 2504 mores
608 2447 716 2523 patrios
739 2445 842 2519 soldm,
864 2446 915 2503 sed
937 2447 1024 2505 etiam

109 2542 219 2598 cultum
237 2538 430 2615 vestitumque
448 2542 576 2599 mutavit.
618 2542 767 2617 Apparatu
782 2541 861 2616 regio
876 2543 1018 2615 utebatur,

108 2647 186 2693 veste
201 2633 337 2705 Medi0a;
359 2634 497 2694 satellites
510 2619 595 2693 Medi
606 2647 636 2693 et
655 2636 784 2712 AEgyptii
807 2637 1017 2710 sequebantur3

109 2731 278 2806 epulabatur
292 2748 372 2789 more
386 2730 549 2804 Persarum,
563 2731 749 2804 luxuriosius,
763 2729 860 2806 quam,
881 2731 930 2806 qui
952 2732 1018 2788 ade·
1037 2733 1078 2791 25

108 2836 183 2899 rant,
196 2825 307 2902 perpeti
328 2837 453 2900 possent.
495 2825 617 2884 Aditum
637 2826 802 2902 petentibus
826 2826 1018 2883 conveniendi

109 2941 166 2980 non
180 2921 287 2991 dabat}
309 2919 432 2996 superbe
456 2921 658 2996 respondebat,
680 2932 710 2979 et
723 2921 879 2978 crudeliter
897 2919 1019 2995 impera·

109 3015 165 3075 bat.
208 3016 342 3092 Spartam
352 3015 446 3074 redire
455 3015 579 3074 nolebat.
608 3015 744 3086 Celonas,
755 3014 803 3088 qui
815 3015 896 3072 locus
907 3013 937 3071 in
950 3033 1019 3091 agro

109 3111 226 3170 Troade
250 3122 304 3183 est,
327 3092 363 3168 se¹
382 3111 552 3169 contulerat.
593 3109 640 3167 Ibi
664 3109 786 3167 consilia
808 3128 897 3184 quum
918 3110 1017 3185 patria

110 3217 168 3264 tum
183 3206 238 3266 sibi
255 3206 374 3264 inimica
394 3206 535 3282 capiebat.
581 3205 616 3263 Id
637 3218 788 3282 postquam
802 3206 1018 3290 Lacedaemonii
1037 3209 1077 3266 30

110 3302 280 3374 rescierunt,
292 3302 402 3377 legatos
416 3302 453 3359 ad
467 3319 533 3358 eum
548 3321 615 3359 cum
629 3302 738 3376 scytald
752 3301 903 3374 miserunt,
919 3301 948 3358 in
960 3303 1016 3376 qud

111 3380 186 3455 more
200 3398 315 3455 illorum
328 3407 391 3454 erat
404 3395 559 3475 scriptum:
573 3397 632 3453 nisi
646 3396 754 3454 domum
767 3404 958 3468 revertereter,
987 3416 1015 3454 se

113 3493 214 3569 sopitis
228 3511 290 3552 eum
310 3491 503 3550 damnatmos.
545 3490 612 3550 Hoc
633 3490 736 3550 nuntio
759 3501 931 3563 commotus,
955 3509 1017 3566 spe-
