2392 4132
118 335 159 404 ἥ
570 354 700 405 craton,

179 515 240 591 ejus
254 515 335 573 litem
349 514 518 573 estimatam
532 514 637 590 populo
658 515 768 572 solvere
793 530 853 570 non
877 512 1027 589 potuisset,
1049 515 1090 573 cb

177 628 298 684 eamque
311 628 430 666 causam
442 609 472 667 in
486 609 612 667 vinculis
624 609 749 685 publicis
773 609 956 682 decessisset,
981 609 1089 668 Cimon

176 705 279 762 eadem
291 705 423 763 custodia
437 704 600 777 tenebatur,
622 723 717 780 neque
739 704 853 780 legibus
861 704 1089 762 Atheniensium

176 799 269 858 emitti
282 811 403 877 poterat,
417 798 474 857 nisi
487 799 653 875 pecuniam,
668 799 725 875 qui
738 809 819 876 pater
842 800 979 858 multatus
1000 811 1088 874 esset,

137 894 158 952 5
177 895 315 952 solvisset.
358 894 494 965 Habebat
508 905 603 953 autem
618 894 648 951 in
672 894 856 954 matrimonio
876 913 1002 952 sororem
1026 913 1090 971 ger·

177 1006 293 1045 manant
316 1006 409 1060 suam,
436 988 555 1046 nomine
582 988 748 1065 Elpinicen,
775 1008 835 1047 non
862 989 955 1065 magis
980 1007 1088 1063 amore,

177 1081 264 1157 quam
277 1103 356 1141 more
370 1084 483 1141 ductus.
526 1082 604 1140 Nam
629 1084 857 1141 Atheniensibus
881 1084 960 1156 licet,
985 1085 1088 1142 eodem

177 1187 257 1251 patre
279 1187 373 1249 natas,
400 1196 504 1235 uxores
531 1174 647 1264 ducere.
689 1177 787 1254 Hujus
813 1179 942 1254 conjugii
964 1180 1088 1255 cupidus

82 1296 88 1307 ·
178 1270 287 1328 callias
301 1271 428 1346 qnidam,
449 1290 508 1330 non
533 1284 592 1330 tam
613 1291 771 1349 generosus
791 1273 879 1349 quim
900 1275 1087 1350 pecuniosus,
1117 1320 1120 1324 .

122 1366 158 1423 10
177 1365 226 1441 qui
240 1357 514 1442 magnas‘pecunias
528 1386 565 1425 ex
584 1368 707 1426 metallis
730 1369 848 1442 lecerat,
869 1369 929 1445 egit
953 1390 1019 1427 cum
1040 1371 1088 1428 Ci-
1178 1435 1187 1467 i

178 1480 274 1533 mone,
288 1471 320 1519 ut
333 1481 398 1518 eam
413 1461 468 1518 sibi
487 1482 606 1520 uxorem
621 1465 710 1522 daret.
752 1463 788 1520 Id
811 1463 835 1521 si
850 1463 1041 1539 impetrasset,
1057 1485 1088 1524 se

177 1576 229 1634 pro
243 1556 291 1615 illo
304 1557 459 1632 pecuniam
474 1558 642 1616 soluturum.
685 1559 716 1616 ls
729 1578 817 1635 quum
837 1560 924 1616 talem
947 1561 1088 1619 conditio·

178 1671 246 1710 nem
261 1665 471 1729 aspernaretur,
486 1653 622 1729 Elpinice
629 1655 756 1731 negavit,
768 1674 799 1712 se
807 1673 967 1730 passuram,
980 1647 1088 1714 Miltia·
1185 1717 1187 1720 ,

178 1749 223 1806 dis
249 1750 417 1824 progeniem
445 1749 475 1807 in
502 1750 626 1807 vinculis
652 1749 776 1825 publicis
804 1749 930 1820 interire,
952 1750 1086 1823 quoniam
1135 1738 1138 1743 ’

122 1843 329 1918 reprobitate
353 1857 458 1918 posset,
481 1863 568 1918 seque
595 1845 696 1900 Calliae
720 1856 885 1919 nupturam,
910 1843 934 1900 si
958 1862 1003 1917 ea,
1025 1865 1087 1920 quae

178 1939 371 2014 polliceretur,
384 1937 572 2012 prestitisset.

218 2032 259 2089 ΙΙ.
301 2032 370 2089 Tali
384 2033 470 2091 modo
485 2032 617 2092 custodia
631 2033 769 2092 liberatus
783 2033 891 2091 Cimon
905 2033 1037 2092 celeriter
1052 2035 1087 2093 ad

178 2128 370 2205 principatum
386 2129 524 2205 pervenit.
566 2128 702 2188 Habebat
716 2130 795 2187 enim
814 2126 884 2186 satis
906 2129 1087 2204 eloquentiae,

178 2244 320 2282 summam
333 2226 545 2297 liberalitatem,
560 2218 696 2300 riragnam
710 2224 892 2300 prudentiam
914 2242 1003 2297 quum
1015 2225 1089 2300 juris

117 2316 282 2392 taetrius,
303 2319 427 2377 tum-rei
449 2319 591 2390 militaris,
613 2317 690 2393 qudd
712 2338 780 2376 cum
804 2330 884 2394 patre
906 2336 923 2373 a
943 2337 1033 2393 puero
1058 2320 1088 2378 in

177 2413 352 2471 exercitibus
379 2415 474 2472 fuerat
500 2423 637 2471 versatus.
680 2413 781 2488 Itaque
813 2414 862 2470 hio
892 2425 921 2471 et
950 2416 1088 2489 populum

176 2508 320 2564 urbanum
341 2508 371 2564 in
399 2509 452 2566 sud
475 2507 570 2567 tenuit
591 2518 743 2583 potestate,
771 2520 801 2566 et
828 2511 904 2584 apud
928 2511 1089 2568 exercitum

175 2601 331 2678 plurimirm
353 2603 442 2662 valuit
466 2602 645 2659 auctoritate.
687 2601 816 2660 Primum
837 2603 989 2678 imperator
1013 2606 1088 2680 apud

181 2696 287 2753 flumen
303 2698 457 2771 Strymona
470 2714 591 2772 magnas
605 2696 704 2771 copias
718 2696 868 2752 Thracum
881 2698 1000 2772 fugavit,
1009 2700 1090 2774 oppi-

117 2791 158 2852 25
178 2792 247 2850 dum
259 2790 447 2868 Amphipolin
470 2789 630 2864 constituit,
644 2790 737 2867 ebque
762 2792 864 2849 decem
884 2792 975 2850 millia
999 2795 1090 2853 Athe·

178 2887 322 2946 niensium
335 2886 364 2944 in
375 2887 518 2946 coloniam
531 2886 617 2945 misit.
659 2887 743 2946 Idem
752 2887 854 2946 iterum
865 2890 941 2965 apud
953 2888 1089 2964 Mycalen

178 2985 350 3062 Cypriorum
368 2995 398 3043 et
419 2984 591 3042 Phoenicum
613 2985 805 3044 ducentarum
826 2986 944 3045 navium
967 2987 1089 3043 classem

177 3080 320 3138 devictam
345 3079 430 3156 cepit.
472 3080 641 3154 Eodemque
665 3081 712 3138 die
735 3081 798 3157 pari
822 3081 937 3139 fortuna
961 3080 991 3135 in
1013 3082 1089 3137 terra

178 3193 248 3232 usus
262 3186 315 3232 est.
357 3175 491 3250 Namque
513 3175 638 3233 hostium
663 3175 784 3231 navibus
808 3175 910 3249 captis,
934 3173 1030 3231 statim
1053 3195 1089 3232 ex

118 3269 160 3328 30
179 3269 273 3326 classe
287 3270 386 3344 copias
400 3290 467 3328 suas
480 3268 590 3341 eduxit,
606 3269 855 3343 Barbarcrumque
870 3288 929 3326 uno
944 3287 1089 3327 concursu

179 3363 333 3422 maximam
353 3364 410 3421 vim
437 3364 596 3440 prostravit.
638 3363 709 3425 Qut
730 3363 851 3420 victoria
872 3364 977 3439 magnai
993 3366 1090 3439 praeda

182 3460 290 3536 potitus
304 3478 392 3534 quum
406 3460 524 3518 domum
538 3471 738 3532 reverteretur,
763 3457 843 3534 quad
851 3487 853 3491 ·
859 3459 920 3534 jam
942 3461 1090 3517 nonnulle

181 3555 283 3616 insulae
309 3566 424 3630 propter
451 3557 639 3615 acerbitatem
666 3553 778 3632 imperii
808 3554 985 3628 defecerant,
1013 3556 1088 3614 bene
