2392 4132
83 368 140 428 118
166 436 172 447 .
381 372 413 424 Τ.
429 372 634 423 POMPONIUS
651 372 813 423 Ar'mctts.

138 533 196 592 nisi
211 532 241 590 in
256 531 446 607 deprecandis
461 531 619 589 amicorum
634 542 683 589 aut
698 529 845 607 periculis,
867 542 918 588 aut
941 530 1056 591 incom-

141 628 242 687 modis.
284 626 374 687 Quod
387 625 503 700 quidem
518 626 571 682 sub
585 625 647 701 ipsa
661 625 868 700 proscriptione
885 625 1053 701 perillustre

141 721 203 780 luit.
232 718 309 776 Nam
336 738 424 794 quum
452 720 485 776 L.
509 719 618 776 Saufeii
646 719 750 794 equitis
777 718 916 792 Romani,
930 719 1053 795 aequalis

141 817 196 888 sui,
210 816 259 890 qui
274 834 340 872 cum
355 834 390 872 eo
411 814 572 890 complures
594 832 695 886 annos,
718 814 813 871 studio
837 815 941 872 ductus
960 815 1054 891 philo·

101 913 122 969 5
141 909 258 986 sophiae,
274 909 431 981 habitabat,
446 909 626 983 habebatque
641 908 671 965 in
685 907 770 966 Italia
789 908 928 983 pretiosas
940 928 1055 985 posses·

140 1005 247 1077 aiones,
274 1004 414 1062 triumviri
443 1004 519 1061 bona
544 1002 751 1075 vendidissent,
772 1003 984 1061 consuetudine
1006 1004 1052 1077 eI,

141 1101 199 1175 quii
212 1111 273 1157 tum
295 1119 341 1157 res
362 1100 555 1174 gerebantur3
578 1097 669 1155 Attici
684 1097 782 1154 labore
796 1108 881 1172 atque
908 1097 1053 1156 industria

142 1196 261 1266 sactum,
289 1205 321 1251 ut
347 1194 448 1250 ecdem
476 1192 578 1250 nuntio
605 1191 740 1269 Saufeius
771 1192 852 1249 fieret
878 1192 994 1265 certior,
1021 1212 1052 1251 se

141 1289 345 1365 patrimonium
361 1287 490 1344 amisisse
504 1298 534 1347 et
546 1287 743 1362 recuperdsse.
785 1286 868 1343 Idem
891 1286 925 1343 L.
941 1286 1052 1344 lulium

86 1384 124 1441 Ill
144 1383 289 1454 Calidum,
303 1400 388 1456 quem
401 1392 466 1457 post
479 1380 608 1438 Lucretii
632 1380 795 1455 Catullique
817 1394 937 1439 mortem
961 1381 1052 1439 multd

143 1476 389 1553 elegantissimum
418 1479 533 1551 poetam
562 1487 688 1532 nostram
720 1475 819 1532 tulisse
847 1486 961 1533 aetatem
985 1474 1051 1533 vere

1 1647 6 1656 Ι
43 1610 59 1641 a
99 1626 103 1633 ,
144 1573 241 1630 videor
264 1591 346 1648 posse
371 1572 557 1642 contendere,
584 1589 678 1645 neque
699 1568 796 1628 minda
819 1570 911 1627 virum
934 1571 1052 1631 bonum,

143 1668 314 1744 optimisque
338 1667 446 1724 artibus
467 1666 621 1737 cruditum,
635 1676 698 1740 post
720 1664 957 1740 proscriptionem
976 1665 1053 1741 equi:

144 1776 216 1836 tum,
243 1775 357 1838 propter
384 1780 504 1838 magnas
530 1761 593 1836 ejus
621 1760 775 1817 Africanas
802 1760 997 1836 possessiones
1023 1760 1052 1818 in

88 1858 126 1916 15
144 1857 366 1934 proscriptorum
393 1875 545 1912 nnmerum
573 1873 590 1911 a
616 1855 648 1911 P.
671 1854 838 1927 Volumnio,
858 1856 996 1930 praelecto
1016 1856 1054 1913 la·

143 1951 226 2008 brdm
240 1949 372 2021 Antonii,
395 1950 543 2006 absentem
565 1948 696 2021 relatum,
719 1948 872 2024 expedivit.
912 1948 1003 2011 Quod
1024 1948 1053 2007 in

145 2043 279 2122 praesenti
292 2040 389 2101 utrlrm
402 2043 429 2101 ei
443 2042 622 2116 laboriosius,
637 2062 674 2100 an
697 2042 849 2119 gloriosius
869 2043 965 2118 fuerit,
984 2044 1055 2101 diffi-

146 2140 202 2199 cile
226 2139 280 2198 fuit
299 2139 444 2216 judicare;
466 2136 542 2214 qudd
557 2137 587 2194 in
607 2157 707 2196 eorum
728 2137 873 2214 periculis,
892 2156 951 2197 non
972 2156 1055 2197 secus

147 2237 290 2307 absentes,
318 2233 405 2309 quam
431 2245 588 2311 presentes
625 2232 733 2291 amicos
762 2232 862 2291 Attico
888 2250 953 2292 esse
978 2250 1055 2292 curre

86 2330 127 2389 20
147 2329 295 2404 cognitum
309 2339 361 2384 est.
769 2326 776 2339 “
987 2324 991 2331 “

186 2421 275 2480 XIII.
316 2420 419 2496 Neque
433 2420 501 2478 verb
515 2419 611 2477 minlrs
625 2420 672 2478 ille
687 2421 739 2494 vir,
749 2421 841 2480 bonus
850 2422 1054 2498 paterfamilias

147 2517 262 2576 habitus
276 2527 320 2574 est
333 2514 418 2591 quim
441 2515 520 2573 civis.
562 2515 640 2573 Nam
662 2535 750 2591 quum
772 2526 849 2574 esset
869 2516 1054 2592 pecuniosus,

146 2633 233 2673 nemo
256 2613 305 2671 illo
326 2610 423 2670 mimis
445 2613 498 2671 fuit
521 2631 614 2683 emax,
629 2610 725 2668 minuis
747 2612 912 2669 aedificator.
952 2612 1057 2688 Neque

147 2721 245 2769 tamen
257 2727 314 2765 non
330 2707 468 2783 imprimis
482 2708 556 2762 bene
570 2706 718 2778 habitavit,
733 2706 925 2782 omnibusque
940 2706 1056 2783 optimis

88 2806 129 2867 25
148 2806 234 2864 rebus
245 2822 314 2860 usus
328 2813 380 2859 est.
422 2800 500 2857 Nam
527 2801 643 2857 domum
658 2801 758 2858 habuit
773 2801 803 2858 in
817 2802 891 2859 colle
906 2800 1056 2862 Quirinali

148 2898 384 2975 Tamphilanam,
401 2897 437 2952 ab
452 2895 594 2952 avunculo
608 2894 774 2953 haereditate
793 2895 922 2953 relictam
937 2914 945 2965 ;
975 2896 1058 2972 cujus

149 2995 299 3054 amoenitas
323 3012 382 3051 non
409 2991 542 3063 aedilicio,
570 2991 621 3048 sed
648 2990 729 3062 silva,
757 2990 916 3048 constabat.
959 2990 1058 3068 Ipsum

148 3090 227 3149 enim
241 3101 350 3148 tectum
374 3085 531 3162 antiquitrls
557 3085 755 3157 constitutum,
782 3085 847 3161 plus
871 3084 948 3158 salis,
972 3083 1057 3161 qulm

149 3186 278 3261 sumptim
293 3183 435 3241 habebat:
457 3181 487 3237 in
501 3201 556 3255 quo
570 3180 642 3237 nihil
656 3180 852 3252 commutavit,
867 3179 924 3237 nisi
944 3179 970 3238 si
991 3180 1058 3256 quid

89 3282 130 3341 30
150 3290 289 3337 vetustate
317 3288 436 3335 coactus
462 3287 513 3333 est.
568 3274 645 3332 Usus
669 3286 712 3331 est
738 3274 857 3346 familia,
885 3273 909 3332 si
936 3275 1060 3333 utilitate

147 3373 337 3451 judicandum
351 3383 404 3443 est,
418 3369 545 3446 optimri;
568 3369 592 3426 si
607 3368 708 3440 scrinia,
723 3368 769 3424 vix
781 3368 929 3427 mediocri.
971 3369 1061 3426 Nam·

150 3488 205 3544 que
220 3468 250 3524 in
264 3468 299 3524 eri
313 3478 395 3524 erant
415 3464 496 3541 pueri
511 3462 706 3535 literatissimi,
729 3474 894 3539 anagnostae
907 3463 1019 3540 optimi,
1032 3475 1062 3523 et

149 3562 265 3640 plurimi
290 3560 410 3632 librarii,
437 3571 469 3617 ut
495 3576 533 3616 ne
559 3558 733 3635 pedisequus
767 3558 884 3634 quidem
910 3558 1062 3639 qnisquam
