2392 4132
495 288 672 338 EUMENES.
813 328 816 336 ,
1051 278 1090 336 79

52 456 58 469 “
126 443 156 501 ἰιι
170 445 468 521 eatempora,quibus
489 446 668 505 Macedones
691 446 835 519 florerent,
859 444 981 505 multum
1003 447 1031 505 ei

125 540 248 598 detraxit
262 540 335 597 inter
360 542 412 598 hes
435 542 551 614 viventi,
574 540 651 617 qudd
676 542 778 598 alienae
801 552 863 599 erat
886 541 1029 613 civitatis3

124 653 218 708 neque
242 634 319 690 aliud
345 635 414 691 huic
434 635 535 708 defuit,
559 633 645 711 qudrn
669 654 810 712 generosa
830 634 923 711 stirps.
968 635 1031 695 Etsi

124 729 172 786 ille
193 729 352 786 domestico
371 748 482 787 summo
501 748 607 804 genere
635 742 705 802 erat,
729 741 828 788 tamen
852 729 1030 788 Macedones

124 842 191 881 eum
212 823 267 880 sibi
292 823 445 898 aliquando
470 824 606 900 anteponi
628 823 747 900 indigne
769 824 915 895 serebant3
937 843 1030 900 neque
1048 827 1070 884 5

124 930 221 977 tamen
242 937 301 975 non
324 918 515 992 patiebantur.
556 919 702 976 Vincebat
725 918 803 976 enim
826 939 926 976 ornnes
949 919 1030 993 curi,

123 1013 283 1089 vigilantii,
310 1013 460 1089 patientiir,
488 1014 655 1086 calliditate,
682 1025 712 1071 et
736 1014 884 1073 celeritate
911 1013 1030 1090 ingenii.

125 1107 185 1165 Hic
202 1108 487 1183 peradulescentulus
509 1109 545 1207 {d
570 1108 726 1166 amicitiam
751 1109 875 1168 necessit
895 1109 1030 1186 Philippi,

125 1203 260 1278 Amyntae
283 1203 345 1275 filii,
373 1202 508 1278 brevique
534 1213 662 1279 tempore
689 1202 719 1260 in
747 1202 878 1261 intimam
901 1202 1032 1279 pervenit

55 1344 59 1350 .
126 1298 358 1357 familiaritatem.
400 1296 544 1373 Fulgebat
567 1298 646 1355 enim
670 1297 730 1373 jam
758 1297 788 1355 in
816 1299 1031 1356 adolescentulo
1052 1298 1090 1356 10

126 1391 238 1450 indoles
252 1391 373 1450 virtutis.
415 1391 517 1467 ltaque
530 1411 597 1448 eum
614 1392 715 1450 habuit
729 1393 766 1449 ad
789 1412 906 1450 manum
929 1393 1030 1450 scribae

124 1488 204 1555 loco;
225 1487 301 1561 quod
314 1483 405 1545 multd
421 1486 496 1562 apud
510 1485 613 1544 Graios
627 1486 863 1544 honorificentius
876 1497 930 1558 est,
944 1484 1031 1560 qulam

125 1580 201 1655 apud
216 1581 374 1638 Romanos.
415 1579 493 1638 Nam
508 1580 582 1655 apud
597 1599 660 1651 nos,
671 1577 771 1636 rererd
782 1580 858 1638 sicut
871 1594 947 1650 sunt,
959 1599 1032 1636 mer·

124 1673 235 1731 cenarii
261 1675 363 1732 scribae
390 1675 607 1744 existimantur;
637 1685 666 1732 at
696 1674 771 1750 apud
799 1674 862 1732 illes
886 1673 1030 1732 contrarid

124 1787 210 1827 nemo
234 1769 269 1826 ad
294 1769 323 1825 id
343 1769 470 1827 officium
489 1768 658 1841 admittitur,
683 1768 740 1826 nisi
761 1769 882 1827 honesto
906 1770 980 1841 loco,
1002 1781 1031 1827 et
1053 1770 1090 1827 15

52 1932 55 1937 Ι
124 1863 191 1936 fide,
216 1876 245 1922 et
268 1863 409 1922 industrii
433 1863 569 1940 cogniti:
590 1862 667 1939 qudd
691 1883 811 1922 necesse
832 1876 885 1936 est,
902 1865 1030 1922 omniurn

32 1946 48 1993 ‘¹
124 1958 309 2016 consiliorum
323 1977 391 2015 eum
404 1977 468 2016 esse
486 1958 665 2034 participem.
707 1959 798 2016 Hunc
821 1960 916 2017 locum
938 1959 1032 2017 tenuit

21 2047 25 2054 ’
125 2052 258 2110 amicitiae
274 2053 349 2129 apud
363 2052 528 2129 Philippum
542 2072 633 2111 anuos
647 2065 765 2129 septem.
807 2053 862 2111 Illo
880 2054 1031 2112 interfecto

124 2147 225 2204 ecdem
249 2148 340 2223 gradu
365 2146 419 2204 suit
442 2147 518 2222 apud
543 2147 742 2205 Alexandrum
768 2167 858 2205 annos
882 2148 1029 2205 tredecim.

124 2239 289 2299 Novissime
302 2253 429 2317 tempore
452 2242 566 2317 praesuit
589 2243 676 2300 etiam
700 2243 795 2301 alterae
817 2242 945 2319 equitum
968 2243 1029 2316 alre,
1049 2243 1090 2301 20

124 2355 186 2410 quae
201 2335 346 2394 Hetaerice
361 2336 565 2411 appellabatur.
606 2336 726 2412 Utrique
741 2349 837 2395 autern
862 2339 891 2394 in
910 2338 1031 2395 consilio

125 2450 236 2506 semper
251 2430 352 2503 adsuit,
367 2442 396 2488 et
408 2431 538 2488 omnium
561 2450 656 2489 rerum
681 2431 796 2489 habitus
814 2443 857 2489 est
878 2431 1029 2506 particeps.

164 2525 205 2583 Il.
247 2525 414 2584 Alexandro
428 2526 576 2600 Babylone
591 2537 712 2598 mortuo,
727 2545 815 2600 quum
829 2545 919 2601 regua
933 2526 1031 2602 singu·

124 2620 160 2678 lis
174 2620 362 2678 familiaribus
373 2621 602 2696 dispertirentur,
621 2632 650 2679 et
674 2640 787 2678 summa
807 2641 903 2678 rerum
926 2621 1032 2679 tradita

124 2727 201 2775 esset
221 2715 330 2774 tuenda
353 2715 458 2787 eidem,
480 2715 528 2773 cui
553 2715 719 2773 Alexander
743 2716 869 2773 moriens
891 2717 1030 2773 annulum
1049 2715 1090 2772 25

125 2830 208 2869 suurn
231 2812 360 2884 dederat,
385 2810 549 2880 Perdiccae;
570 2829 607 2867 ex
631 2830 687 2885 quc
709 2830 810 2868 omnes
835 2810 1030 2884 conjecerant,

125 2925 191 2964 curn
205 2925 328 2984 regnum
341 2906 370 2965 ei
384 2905 613 2976 commendaisse,
627 2905 721 2978 quoad
742 2903 824 2960 liberi
837 2903 901 2977 ejus
910 2903 939 2959 in
949 2922 1031 2960 suam

124 3002 243 3061 tutelam
256 3002 455 3078 pervenissent
463 3021 471 3071 ;
494 2999 629 3077 (aberant
642 2999 719 3056 enirn
744 2998 891 3069 Craterus,
905 3010 934 3055 et
948 2998 1032 3056 Anti·

125 3107 214 3172 pater,
238 3097 288 3173 qui
307 3097 478 3156 antecedere
502 3097 581 3154 hunc
596 3082 792 3164 'videbantun
821 3106 949 3151 mortuus
970 3105 1030 3152 erat
1053 3131 1055 3136 ·

125 3189 306 3268 Hephaestic,
317 3211 402 3268 quern
416 3178 507 3249 unum
522 3191 699 3263 Alexander,
713 3190 789 3265 quod
804 3188 889 3247 facile
909 3188 1031 3265 intelligi
1050 3190 1090 3247 at)

126 3298 230 3361 posset,
243 3286 360 3363 plurimi
374 3289 483 3345 fecerat
494 3287 516 3364 ;)
539 3287 594 3344 hoc
608 3297 735 3362 tempore
754 3285 822 3344 data
841 3296 886 3343 est
907 3284 1032 3342 Eumeni

125 3380 319 3459 Cappadocia,
333 3381 393 3441 sive
406 3379 502 3458 petiirs
516 3381 612 3450 dicta3
634 3399 702 3438 nam
715 3392 776 3439 tum
791 3378 820 3436 in
835 3380 960 3438 hostium
971 3390 1033 3437 erat
1092 3382 1097 3389 “

125 3487 273 3552 potestate.
328 3477 418 3536 Hunc
444 3475 500 3535 sibi
534 3474 689 3533 Perdiccas
723 3473 893 3549 adjunxerat
928 3492 1033 3549 magno
