2392 4132
113 319 150 379 18
520 325 734 384 PAUSAMAS„

168 509 269 548 erario
282 489 397 548 dotibus
411 489 486 548 datis
497 488 717 546 collocarentur.
759 483 896 543 Decessit
908 494 1005 541 autem
1020 481 1084 543 ferd

167 599 232 662 post
246 604 355 642 annum
368 596 512 660 quartum,
525 582 611 660 quam
632 581 848 639 Themistocles
869 579 1001 638 Athenis·
1020 591 1085 639 erat

168 681 313 757 expulsus.

543 855 712 871 *ὠ

405 1073 459 1135 rv.
500 1071 902 1133 erueturne*
924 1026 1051 1140 ala

208 1264 232 1321 Ι.
273 1265 456 1338 Pausanias,
485 1264 732 1337 Lacedaemonias,
759 1282 883 1340 magnus
911 1264 1007 1337 homo,
1033 1264 1084 1323 sed

127 1359 263 1418 5varius
290 1360 320 1417 in
347 1361 427 1418 omni
454 1379 561 1436 genere
589 1359 654 1418 vite
679 1360 741 1418 suit.
782 1358 861 1416 Nam
880 1370 912 1417 ut
931 1359 1085 1418 virtutibus

168 1454 268 1527 eluxit,
283 1454 326 1512 sic
340 1455 417 1513 vitiis
432 1467 477 1513 est
498 1455 627 1513 obrutus.
669 1455 767 1531 Hujus
791 1455 1016 1512 illustrissimum
1041 1467 1085 1514 est

167 1549 300 1625 praelium
316 1551 391 1626 apud
407 1550 529 1608 Plataeas
579 1549 715 1626 Namque
729 1550 778 1608 illo
800 1550 875 1606 duce
900 1549 1083 1624 Mardonius,

168 1658 298 1720 satrapes
311 1645 436 1721 Regius,
452 1645 569 1703 natione
584 1643 701 1718 Medus,
717 1644 811 1721 Regis
830 1663 929 1720 gener,
942 1642 971 1700 in
986 1644 1097 1719 primis·

100 1806 104 1811 ,
168 1740 298 1797 omnium
313 1741 466 1798 Persarum
481 1753 510 1799 et
524 1760 613 1798 manu
628 1741 709 1798 fortis
723 1752 752 1798 et
763 1740 877 1797 consilii
887 1741 1002 1815 plenus,
1015 1758 1083 1797 eum

112 1833 149 1890 10
169 1834 304 1892 ducentis
318 1835 445 1892 millibus
456 1834 599 1908 peditum,
611 1853 683 1907 quos
694 1834 800 1891 viritim
812 1835 932 1908 legerat,
943 1846 971 1891 et
983 1833 1086 1910 viginti

168 1927 295 1983 millibus
309 1927 448 2000 equiturn,
461 1926 538 1982 haud
553 1925 593 1981 ita
614 1925 721 1999 magna
744 1938 833 1980 manu
858 1926 980 1981 Graeciae
1007 1931 1088 2004 fuga·

167 2031 281 2092 tuaest,
296 2039 387 2094 eoque
413 2020 473 2095 ipse
501 2019 560 2075 dux
585 2018 693 2076 cecidit
719 2018 828 2093 praelio.
869 2018 940 2078 Qua
966 2020 1088 2080 victoria

168 2114 261 2171 elatus
275 2113 399 2189 plurima
412 2114 535 2171 miscere
560 2111 658 2187 ooepit,
683 2123 713 2170 et
734 2111 843 2186 majora
867 2113 1077 2189 concupiscere

170 2208 229 2265 Sed
256 2206 381 2283 primiim
409 2208 439 2265 in
467 2227 502 2266 eo
528 2217 572 2264 est
596 2207 799 2281 reprehensus,
821 2204 899 2280 qudd
925 2226 962 2263 ex
986 2213 1087 2284 praeda

112 2302 150 2360 15
170 2302 311 2377 tripodem
324 2320 444 2358 aureum
459 2300 582 2375 Delphis
595 2300 749 2375 posuisset,
772 2300 980 2376 epigrammate
998 2307 1088 2383 scrip·

169 2406 209 2467 to,
224 2395 254 2451 in
278 2413 335 2468 quo
362 2406 424 2453 erat
451 2396 515 2452 haec
539 2394 704 2453 sententia:
726 2397 786 2453 Sao
815 2396 902 2453 ducta
930 2398 1087 2460 Barbaros

169 2488 390 2566 apadPlataas
405 2510 463 2548 esse
473 2489 585 2560 deletas,
598 2489 710 2566 ejusque
724 2493 854 2550 viatoria
868 2514 936 2568 ergo
951 2496 1088 2571 Apollini

169 2583 271 2640 donam
285 2582 404 2643 dedisse.
446 2585 510 2642 Hos
524 2604 627 2642 versus*
639 2586 857 2646 Lacedaemonii
867 2591 1086 2667 exculpserunt,

169 2696 264 2752 neque
278 2677 357 2735 aliud
372 2681 558 2757 scripserunt,
573 2679 660 2755 quarn
674 2683 794 2740 nomina
808 2702 908 2739 earum
922 2685 1085 2763 civitatum,

109 2772 150 2832 20
169 2791 290 2849 quarum
305 2774 412 2833 auxilio
426 2775 521 2833 Persa
536 2787 619 2834 erant
634 2776 711 2835 victi.

209 2867 250 2925 II.
292 2868 362 2927 Post
376 2869 403 2926 id
419 2869 553 2947 praelium
567 2871 694 2928 eunde'm
709 2871 886 2930 Pausaniam
908 2893 975 2931 eum
990 2877 1086 2935 classe
1158 2901 1166 2907 ·

169 2964 318 3021 communi
332 2965 461 3042 Cyprum
477 2978 562 3042 atque
577 2965 801 3044 Hellespontum
817 2967 969 3041 miserunt,
993 2983 1026 3046 ut
1050 2991 1086 3029 ex

170 3058 216 3116 his
236 3060 404 3134 regionibus
429 3063 622 3121 Barbarorum
649 3064 784 3138 praesidia
807 3064 975 3138 depelleret.
1018 3066 1087 3124 Pari

170 3151 308 3210 felicitate
324 3154 354 3211 in
368 3159 404 3213 ed
417 3178 449 3216 re
474 3177 543 3214 usus
565 3156 670 3214 elatirls
695 3177 726 3214 se
749 3176 849 3233 gerere
874 3159 972 3234 ooepit,
998 3162 1087 3238 majo-

110 3242 151 3302 25
170 3264 273 3319 resque
288 3236 422 3324 appetere
437 3273 491 3310 res.
534 3251 612 3309 Nam
623 3270 723 3326 quum,
737 3252 882 3327 Byzantio
906 3269 1085 3330 expugnato,

171 3338 296 3414 cepisset
306 3343 473 3420 ‘complures
486 3347 639 3404 Persarum
654 3346 777 3418 nobiles,
792 3358 876 3421 atque
891 3348 921 3404 in
947 3349 993 3406 his
1015 3369 1087 3408 non·

171 3434 266 3492 nullos
279 3435 373 3513 Regis
386 3442 571 3517 propinquos,
585 3441 638 3498 hos
651 3442 728 3498 clam
750 3441 843 3500 Xerxi
862 3442 983 3515 remisit,
998 3445 1087 3504 simu·

137 3580 145 3596 ,
171 3527 236 3585 lans
246 3547 283 3587 ex
296 3529 421 3592 vinculis
432 3535 558 3612 publicis
568 3536 704 3612 effugisse
716 3557 724 3607 ;
744 3549 774 3596 et
784 3556 852 3595 curn
864 3537 910 3596 his
918 3538 1086 3616 Gongylum
