2392 4132
361 310 395 360 Τ.
410 309 617 359 POMPONIUS
633 307 796 359 A't'rlcus.
1021 298 1074 357 lll

109 485 203 543 neque
218 465 343 543 longius,
364 464 451 541 quim
475 465 585 523 dictum
608 478 695 537 esset,
716 485 766 524 eos
789 465 895 522 debera
916 483 1019 540 passus

109 563 155 621 sit.
197 562 287 623 Quod
301 573 453 636 utrumque
484 571 546 618 erat
572 560 607 617 iis
633 561 766 618 salutare.
819 559 897 616 Nam
923 579 1018 634 neque

109 657 290 732 indulgendo
304 657 514 713 inveterascere
527 673 627 712 eorum
641 673 680 711 aas
702 655 828 712 alienum
848 654 1020 730 patiebatur,

109 769 203 825 neque
225 750 451 826 multiplicandis
469 749 563 806 usuris
587 768 727 806 crescere.
768 749 860 807 Auxit
883 749 939 807 hoc
962 749 1022 806 offi-

109 844 188 902 cium
204 845 261 901 alit
275 863 387 919 quoque
401 843 582 901 liberalitate.
623 842 701 900 Nam
715 844 863 901 universos
878 845 1021 902 frumento
1040 845 1061 901 5

109 940 238 1011 donavit,
253 939 293 998 ita
314 950 346 996 ut
367 938 489 1014 singulis
513 949 622 1013 septem
645 938 735 995 modii
758 937 848 996 tritici
868 938 1021 1008 darentur;

108 1035 159 1110 qui
173 1036 275 1093 modus
288 1053 431 1092 mensura
444 1033 610 1091 medimnus
623 1033 749 1091 Athenis
763 1034 929 1109 appellatur.

149 1128 207 1186 111.
248 1129 307 1186 Hic
322 1139 419 1186 autem
433 1127 476 1185 sic
490 1147 521 1185 se
534 1129 664 1204 gerebat,
678 1139 720 1200 ut,
735 1129 897 1186 communis
906 1127 1021 1201 infimis,

108 1243 161 1300 par
186 1224 375 1300 principibus,
399 1223 553 1280 videretur.
593 1222 664 1283 Quo
688 1224 797 1281 factum
823 1233 876 1295 est,
899 1233 931 1280 ut
954 1222 1023 1280 hnic

108 1338 210 1378 omnes
225 1320 357 1390 honores,
371 1337 441 1392 quos
459 1327 586 1392 possent,
600 1315 717 1391 publice
742 1318 892 1388 haberent,
915 1316 1020 1374 civem·
1041 1315 1079 1373 10

108 1432 165 1489 que
192 1415 288 1470 facere
315 1412 481 1470 studerent:
515 1430 571 1485 quo
599 1410 741 1467 beneficio
775 1411 823 1467 ille
851 1411 893 1468 uti
919 1409 1021 1468 noluit.
1115 1453 1116 1456 ,

112 1507 217 1585 [Quod
231 1506 364 1564 nonnulli
378 1506 419 1563 ita
433 1506 665 1580 interpretantur,
681 1504 777 1560 amitti
803 1505 947 1561 civitatem
960 1503 1023 1560 Ro·

109 1622 223 1660 manam
250 1600 312 1659 alia
339 1599 477 1678 adscitti]
518 1598 671 1660 Quamdiu
694 1597 796 1670 adsuit,
823 1617 861 1655 ne
884 1617 941 1672 qua
965 1596 1021 1653 sibi

106 1708 204 1756 statua
218 1708 381 1772 poneretur,
393 1695 511 1752 restitit:
533 1694 637 1750 absens
660 1692 812 1768 prohibere
836 1712 895 1749 non
917 1691 1017 1768 potuit.

108 1791 212 1866 Itaque
226 1791 334 1865 aliquot
347 1789 411 1868 ipsi,
423 1801 453 1847 et
471 1788 593 1860 Phidia,
608 1787 684 1846 locis
707 1786 897 1845 sanctissimis
920 1805 1021 1862 posue·
1042 1787 1079 1845 15

108 1899 185 1946 runt.
240 1885 330 1943 Hunc
357 1885 436 1942 enim
463 1884 494 1942 in
521 1883 601 1942 omni
626 1882 828 1959 procuratione
855 1881 1021 1958 reipublicae

109 1993 237 2040 actorem
258 1992 462 2054 auctoremque
486 1979 640 2036 habebant.
681 1977 775 2053 Igitur
801 1976 926 2053 primum
950 1977 1020 2035 iliud

109 2094 216 2133 munus
229 2075 360 2145 fortunar,
371 2071 449 2147 qubd
463 2072 493 2130 in
507 2073 543 2130 aa
563 2069 744 2148 potissimirm
766 2073 836 2130 urbe
860 2083 946 2130 natus
966 2083 1020 2145 est,

109 2169 141 2227 in
166 2169 224 2244 qui
249 2167 428 2227 domicilium
454 2167 533 2225 orbis
559 2179 699 2225 terrarum
732 2177 809 2225 esset
841 2166 964 2241 imperii,
988 2177 1021 2224 ut

109 2265 233 2322 eandem
253 2274 283 2321 et
295 2262 418 2339 patriam
430 2263 550 2321 haberet
562 2274 593 2321 et
605 2261 753 2325 dominam
765 2281 772 2332 3
793 2264 850 2321 hoc
871 2261 1019 2338 specimen
1039 2262 1080 2320 20

109 2357 280 2436 prudentie,
293 2356 372 2434 qudd
384 2376 473 2432 quum
487 2357 518 2414 in
531 2376 595 2415 eam
619 2356 765 2416 civitatem
787 2376 818 2415 se
842 2357 1020 2430 contulisset,

110 2471 175 2528 qun
188 2451 367 2528 antiquitate,
382 2451 572 2525 humanitate,
586 2451 719 2510 doctrina
742 2463 890 2528 praestaret
907 2471 1019 2526 omnes,

110 2566 186 2605 nnus
199 2546 228 2605 ei
242 2558 309 2605 ante
322 2547 394 2605 alios
408 2545 493 2604 fuerit
507 2545 682 2603 carissimus.
900 2550 906 2557 “

149 2643 203 2701 IV.
244 2643 314 2700 Huc
337 2661 375 2699 ex
398 2640 472 2699 Asis
497 2641 580 2699 Sulla
602 2641 748 2698 decedens
772 2659 861 2715 quum
884 2640 1020 2712 venisset,

109 2737 247 2814 quamdiu
273 2737 315 2794 ibi
341 2736 405 2809 finit,
432 2755 533 2794 secum
560 2735 661 2795 babuit
687 2735 888 2811 Pomponium,
918 2748 1020 2811 captus
1039 2735 1079 2793 25

110 2831 303 2893 adolescentis
328 2842 359 2889 et
385 2830 563 2888 humanitate
591 2842 621 2888 et
659 2829 800 2887 doctrina.
855 2829 907 2886 Sic
942 2828 1020 2885 enim

109 2926 213 2993 Grec&
237 2927 416 3002 loquebatur,
429 2937 462 2983 ut
476 2924 602 2983 Athenis
624 2935 710 2981 natus
728 2922 881 2981 videretar.
922 2921 1022 2979 Tanta

110 3034 207 3080 autem
221 3020 347 3079 suavitas
360 3031 423 3078 erat
435 3018 575 3077 sermonis
589 3017 697 3090 Latini,
711 3028 744 3075 ut
767 3027 926 3092 appareret,
940 3016 971 3073 in
985 3035 1021 3074 eo

110 3117 239 3176 nativum
254 3116 400 3191 quendam
414 3116 540 3191 leporem
564 3132 639 3187 esse,
663 3131 722 3170 non
744 3111 896 3169 adscitum.
937 3111 1020 3168 Idem

110 3216 244 3289 poemata
257 3210 461 3287 pronuntiabat
474 3221 504 3268 et
524 3207 618 3284 grece
640 3220 670 3267 et
690 3206 791 3281 latine,
811 3206 855 3264 sic
877 3221 910 3265 ut
935 3204 1021 3282 suprd
1040 3208 1080 3264 30

110 3306 182 3365 nihii
196 3317 293 3383 posset
306 3304 383 3362 addi.
423 3303 542 3365 Quibus
567 3304 654 3361 rebus
677 3305 785 3361 sactum
810 3314 864 3375 est,
888 3315 921 3360 ut
939 3302 1022 3360 Sulla

109 3419 252 3476 nusquam
265 3418 334 3456 aum
347 3399 385 3456 ab
398 3417 429 3456 se
443 3397 610 3470 dimitteret,
625 3409 799 3473 cuperetque
819 3416 919 3454 secum
932 3397 1021 3455 dedu·

98 3512 185 3563 ,cere
236 3493 295 3552 Cui
320 3511 409 3570 quum
436 3492 610 3570 persuadere
634 3502 768 3566 tentaret,
789 3492 870 3566 Noti,
902 3511 951 3550 oro
983 3500 1020 3565 te,
