2392 4132
563 305 659 354 DloN.
1083 299 1120 356 Al

154 473 197 521 ret
212 461 450 520 Atheniensibus.
491 462 527 520 Id
541 483 629 538 quum
643 461 740 522 minirs
754 463 908 540 diligenter
922 475 998 522 esset
1016 484 1063 522 ee·

152 557 254 629 latum,
269 555 438 629 Tiribazus,
452 557 501 630 qui
523 558 663 615 Sardibus
682 569 814 634 praeerat,
832 559 984 617 Cononem
998 579 1063 617 evo-

154 652 240 724 cavit,
256 652 405 724 simulans,
420 652 456 708 ad
470 653 585 728 Regem
599 673 665 710 eum
680 673 711 711 se
725 654 838 713 mittere
862 655 934 712 relle
956 654 1063 731 magni

154 748 244 804 dere.
287 746 385 821 Hujus
398 747 501 805 nuntio
514 767 619 822 parens
631 768 718 822 quum
741 750 876 822 venisset,
892 751 921 807 in
946 751 1063 807 vincula

95 856 111 895 ·,
154 841 304 918 conjectus
330 853 385 914 est,
413 842 443 898 in
469 842 574 917 quibus
602 843 768 917 aliquandiu
796 844 857 902 fuit.
908 840 1101 915 Nonnulli,5

153 937 269 993 eumad
283 936 398 1012 Regem
414 938 581 1010 abductum,
596 937 691 1012 ibique
705 937 824 1014 perisse,
839 939 977 1014 scriptum
999 939 1064 996 reli·

153 1045 285 1105 querunt.
326 1031 437 1090 Contra
450 1050 486 1088 ea
498 1031 602 1089 Dinon
613 1032 777 1105 historicus,
786 1033 835 1090 cui
846 1053 898 1090 nos
907 1031 1061 1108 plurimum

154 1124 191 1180 de
218 1124 342 1182 Persicis
368 1127 455 1183 rebus
482 1127 637 1199 credimus,
665 1127 811 1204 effugisse,
837 1128 970 1204 scripsit:
991 1128 1062 1184 illud

156 1219 315 1293 addubitat,
335 1218 432 1279 utrirm
451 1221 592 1280 Tiribazo
619 1221 730 1280 sciente
758 1242 795 1280 au
812 1223 1003 1300 imprudente
1024 1222 1062 1280 sit

157 1313 273 1371 factum.
1083 1317 1120 1372 10

481 1445 713 1461 *-

486 1577 526 1684 A.
567 1625 703 1684 DION

194 1783 218 1842 I.
254 1784 346 1856 Dion,
359 1782 524 1860 Hipparini
523 1783 620 1860 filios,
632 1782 846 1858 Syracusanus,
856 1782 944 1839 nobili
954 1801 1060 1858 genere

155 1893 249 1952 natus,
289 1879 409 1954 utrique
450 1878 613 1954 implicatus
653 1877 805 1953 tyrannide
846 1877 1059 1952 Dionysiorum.

155 1973 288 2050 Namque
309 1974 358 2030 ille
377 1973 506 2049 superior
535 1972 771 2044 Aristomachen,
795 1992 920 2030 sororem
945 1972 1059 2046 Dionis,

155 2069 254 2126 habuit
268 2069 298 2126 in
312 2068 511 2126 matrimonio:
532 2068 645 2142 exquir
665 2068 737 2124 duos
760 2067 844 2139 filios,
866 2067 1060 2143 Hipparinum

154 2173 184 2220 et
197 2162 345 2237 Nysaeum,
359 2162 536 2238 procreavit:
565 2161 741 2234 totidemque
765 2161 847 2232 filias,
869 2161 985 2218 nomine
1009 2162 1061 2219 So-
1082 2163 1118 2219 15

154 2259 317 2333 phrosynen
336 2269 368 2315 et
387 2257 515 2314 Areten:
537 2275 658 2330 quarum
682 2255 805 2331 priorem
828 2255 968 2330 Dionysio
990 2256 1058 2328 lilio,

154 2352 249 2410 eidem
273 2352 320 2410 cui
348 2371 470 2428 regnum
497 2352 620 2426 reliquit,
655 2363 777 2427 nuptum
812 2352 902 2423 dedit,
930 2352 1059 2424 alteram,

154 2449 275 2520 Areten,
290 2448 388 2505 Dioni.
430 2447 508 2505 Dion
523 2458 619 2504 autem
633 2459 736 2523 prater
752 2446 877 2504 nobilem
897 2447 1061 2521 propinqui·

154 2554 252 2615 tatem,
276 2561 504 2619 generosamque
527 2543 667 2618 majorum
692 2544 808 2614 lamam,
833 2543 924 2599 multa
946 2543 1002 2598 alia
1024 2542 1060 2598 ab

154 2638 256 2696 nature
283 2637 384 2695 habuit
407 2639 500 2695 bona:
532 2638 562 2694 in
589 2638 634 2695 his
661 2637 810 2713 ingenium
838 2636 942 2706 docile,
968 2655 1060 2709 come,
1079 2637 1118 2693 20

154 2745 251 2808 aptum
265 2733 301 2790 ad
316 2745 391 2790 artes
411 2733 550 2809 optimas3
571 2752 708 2809 magnam
732 2732 860 2808 corporis
879 2731 1060 2807 dignitatem,

153 2847 216 2903 quae
230 2848 288 2886 non
303 2825 455 2886 minimirm
469 2830 672 2898 commendat3
694 2848 814 2903 magnas
829 2839 968 2903 praeterea
992 2826 1062 2882 divi-

153 2921 208 2981 tias
222 2933 329 2998 apatre
340 2923 465 2996 relictas,
476 2942 547 2998 quas
558 2924 619 2998 ipse
628 2923 743 2997 tyranni
755 2921 922 2977 muneribus
934 2931 1060 2978 auxerat.

153 3015 224 3074 Erat
238 3016 357 3076 intimus
371 3017 511 3094 Dionysio
521 3018 618 3093 priori,
628 3036 722 3091 neque
731 3014 827 3072 mimis
835 3026 949 3090 propter
957 3034 1060 3087 mores,

153 3108 239 3187 qudm
254 3108 432 3170 affinitatem.¹
473 3112 608 3187 Namque
622 3112 676 3170 etsi
698 3109 832 3184 Dionysii
856 3109 1012 3166 crudelitas
1034 3110 1062 3166 ei
1081 3111 1118 3168 25
1168 3146 1170 3152 ι

153 3205 335 3283 displicebat,
349 3219 447 3266 tamen
462 3209 572 3265 salvum
586 3227 649 3265 esse
668 3193 782 3283 propter
804 3204 1061 3275 necessitudinem,

152 3302 246 3378 magis
259 3303 347 3360 etiam
362 3322 477 3360 suorum
491 3304 592 3375 causi,
604 3303 746 3361 studebat.
788 3300 900 3356 Aderat
908 3300 936 3355 in
948 3299 1062 3374 magnis

153 3396 255 3467 rebus;
285 3397 404 3473 ejusque
432 3398 553 3456 consilio
577 3395 700 3455 multirm
724 3396 890 3452 movebatur
912 3406 1061 3468 tyrannus,

154 3489 210 3549 uisi
223 3491 280 3568 qui
291 3491 322 3550 in
336 3511 367 3550 re
381 3493 471 3568 major
486 3494 576 3569 ipsius
597 3491 740 3568 cupiditas
757 3486 966 3548 intercesserat.
1009 3488 1063 3545 Le·

352 3588 371 3644 4
385 3586 402 3622 s
