2392 4132
436 342 704 396 rnnnsrnunus.
1038 334 1078 397 ³5

110 515 259 579 postquam
274 502 341 560 inde
355 506 491 579 expulsus
505 503 625 562 Thebas
639 505 759 576 venerit,
771 501 845 561 adad
857 504 959 562 studiis
969 524 1016 563 eo·

111 618 175 655 rum
189 597 352 670 inservisse,
367 611 399 657 ut
413 618 498 657 nemo
512 619 579 656 eum
590 601 687 657 labore
706 599 888 676 corporisque
910 599 1018 657 viribus

110 705 207 768 posset
234 693 419 768 aequiparare,
437 693 551 770 (omnes
564 694 642 751 euim
657 695 761 752 Boeotii
777 695 869 769 magis
890 693 1018 752 firmitati

110 788 247 863 corporis,
270 784 357 862 quam
381 787 491 862 ingenii
512 788 639 844 acumini
666 788 825 847 inserviunt
837 789 860 867 3)
892 790 1017 845 eundem

33 893 41 903 “
111 883 187 958 apud
201 881 448 954 Laeedaemonios,
463 901 584 956 quorum
605 883 732 940 moribus
754 901 869 939 summa·
883 882 972 940 virtus
986 881 1015 940 in
1036 883 1058 941 5

110 977 250 1052 patientia
263 977 433 1052 ponebatur,
445 977 488 1034 sie
499 977 612 1035 duritiae
624 997 655 1034 sa
666 977 791 1049 dedisse,
800 988 833 1034 ut
841 977 1017 1053 parsimonid

110 1070 203 1128 vietus
230 1083 314 1145 atque
342 1071 437 1129 cultris
463 1090 564 1129 omnes
596 1071 832 1129 Lacedaemonios
863 1071 1015 1142 ,vinceret3

111 1165 199 1222 suisse
210 1167 286 1240 apud
295 1165 438 1238 Thracas,
447 1165 579 1224 homines
590 1166 759 1238 vinolentos,
771 1167 912 1242 rebusque
921 1167 1016 1224 Vene-

110 1259 167 1317 reis
180 1259 293 1319 deditos
301 1281 309 1330 ;
330 1260 383 1318 hos
397 1279 509 1336 quoque
523 1261 553 1317 in
568 1260 613 1318 his
621 1262 707 1318 rebus
719 1261 908 1319 antecessisse
920 1281 928 1331 ;
950 1281 1017 1318 ven·

110 1354 166 1412 isse
176 1356 211 1412 ad
223 1355 336 1428 Persas,
349 1355 425 1431 apud
433 1375 504 1430 quos
516 1356 781 1413 summalausesset
789 1355 898 1413 fortiter
907 1355 1015 1429 venari,
1039 1356 1077 1413 10

60 1483 69 1500 .
110 1448 255 1506 luxuriose
267 1449 361 1506 vivere
374 1470 381 1519 ;
403 1451 504 1507 horum
516 1451 558 1507 sie
570 1450 712 1508 imitatum
722 1450 973 1522 consuetudinem,
985 1461 1018 1508 ut

14 1562 21 1573 ·
111 1542 151 1600 illi
174 1543 228 1618 ipsi
254 1562 322 1601 eum
349 1544 379 1601 iu
407 1539 452 1601 his
479 1543 603 1601 maxime
633 1545 850 1602 admirarentur.
898 1544 1018 1605 Quibus

111 1636 196 1694 rebus
219 1637 361 1711 effecisse,
385 1649 427 1711 ut,
448 1639 522 1714 apud
550 1657 745 1714 quoscumque
772 1650 858 1709 esset,
882 1638 1017 1713 prineeps

84 1789 87 1795 ,
111 1744 273 1806 poneretur,
288 1733 497 1808 habereturque
511 1732 687 1791 carissimus.
728 1733 788 1789 Sed
802 1733 871 1789 satis
885 1733 921 1789 de
940 1734 1016 1803 hoe;

112 1825 233 1901 reliquos
244 1827 398 1886 ordiamur.
1040 1829 1078 1886 15

306 2217 407 2275 'VIIL
450 2205 863 2276 THRASYBULUS.
952 2274 955 2278 .

148 2406 173 2464 l.
220 2406 429 2482 Thrasybulus,
444 2407 523 2483 Lyci
527 2406 625 2483 filios,
640 2406 833 2465 Atheniensis.
876 2407 908 2464 Si
921 2427 972 2483 per
986 2428 1017 2466 se

112 2499 198 2559 virtus
212 2501 275 2559 sine
290 2502 403 2560 fortuna
417 2502 604 2578 ponderanda
617 2502 664 2574 sit,
678 2502 788 2574 dubito,
804 2521 841 2559 an
863 2504 942 2559 huuc
962 2503 1017 2579 pri·
1098 2568 1101 2571 ,

26 2603 35 2610 ’
113 2597 332 2655 mumomnium
345 2616 460 2673 ponam.
502 2596 578 2654 Illud
593 2597 655 2654 sine
667 2597 772 2667 dubio;
793 2597 939 2655 neminem
949 2597 1018 2655 huie

112 2692 228 2764 prefero
242 2691 309 2764 fide,
324 2691 497 2764 constantia,
513 2691 713 2767 magnitudine
736 2692 836 2765 animi,
851 2691 881 2748 in
895 2692 1017 2767 patriam

113 2803 215 2845 amore.
256 2785 333 2844 Nam
355 2787 430 2862 quod
454 2787 537 2845 multi
558 2787 719 2859 voluerunt,
743 2787 829 2862 pauci
852 2797 1016 2862 potueruut,
1036 2787 1077 2844 20

112 2880 146 2936 ab
169 2899 228 2938 uno
249 2893 371 2956 tyranno
394 2881 517 2958 patriam
540 2881 678 2950 liberare3
701 2881 769 2940 buio
793 2881 925 2956 contigit,
947 2891 1018 2937 uta

112 2974 227 3050 triginta
244 2994 409 3051 oppressam
433 2975 562 3050 tyrannis
585 2993 622 3031 ex
643 2974 778 3032 servitute
803 2975 833 3030 in
857 2974 1018 3032 libertatem

112 3067 277 3128 vindicaret.
320 3069 389 3142 Sed,
407 3068 512 3128 ‚neseio
532 3087 589 3144 quo
614 3068 710 3142 modo,
732 3087 820 3143 quum
844 3087 911 3125 eum
933 3089 1018 3129 nemo

112 3163 233 3223 anteiret
245 3163 290 3222 his
303 3164 466 3237 virtutibus,
481 3163 564 3223 multi
585 3163 735 3222 nobilitate
755 3176 1016 3240 praeouourrerunt.

111 3257 239 3318 Primum
261 3259 471 3334 Peloponnesio
495 3259 571 3318 bello
592 3259 683 3317 multa
704 3258 753 3316 hie
775 3258 838 3316 sine
863 3259 1017 3318 Alcibiade
1036 3261 1077 3319 25

111 3354 208 3430 gessit,
223 3354 272 3412 ille
285 3355 395 3412 nullam
410 3373 471 3412 rem
485 3353 547 3411 sine
561 3355 634 3413 hoe:
656 3372 719 3429 quae
742 3353 790 3411 ille
814 3353 948 3411 universa
969 3373 1019 3411 na·

46 3457 48 3459 ’
111 3449 193 3508 turali
207 3450 332 3525 quodam
346 3450 422 3508 bono
436 3449 505 3508 feeit
523 3449 605 3508 lueri.
648 3450 706 3506 Sed
729 3449 779 3507 illa
799 3461 896 3508 temen
921 3448 1019 3506 omnia

111 3544 276 3605 communia
288 3544 507 3620 imperatoribus
520 3562 588 3603 eum
601 3543 742 3605 militibus
755 3556 784 3603 et
797 3543 922 3616 fortunat,
940 3541 1017 3618 qubd

568 3730 576 3765 l

576 3772 588 3800 Χ
