2392 4132
541 372 766 422 ALCIBIADES.

201 532 280 590 Laco
294 533 380 590 rebus
394 543 554 590 commotus
568 533 676 604 statuit,
700 530 864 589 accuratius
883 531 938 588 sibi
961 532 1107 607 agendum

200 646 267 684 cum
279 627 477 683 Pharnabazo.
519 627 599 683 Huic
613 647 683 702 ergo
696 626 851 695 renuntiat,
865 644 929 700 quae
943 625 1021 702 Regi
1042 644 1109 682 cum

201 721 429 778 Lacedaemoniis
455 732 570 793 essent,¹
590 723 670 779 irrita
701 723 806 793 sutura,
841 721 897 777 nisi
924 720 1109 778 Alcibiadem

200 815 295 871 vivum
309 827 359 873 aut
372 828 515 873 mortuum
530 817 702 874 tradidisset.
744 815 812 872 Non
827 815 892 873 tulit
903 817 958 873 hoc
970 827 1109 891 satrapes,

159 914 180 970 5
200 922 229 967 et
243 910 347 967 violare
362 911 555 982 clementiam,
570 909 656 984 quam
670 910 764 986 Regis
782 929 851 985 opes
871 909 973 981 minui,
999 909 1108 966 maluit.

201 1003 301 1079 Itaque
326 1005 404 1063 misit
428 1005 626 1080 Sysamithren
650 1017 680 1061 et
703 1004 841 1080 Bagaeum
864 1005 900 1060 ad
925 1004 1108 1060 Alcibiadem

201 1099 442 1172 interficiendum,
457 1119 544 1175 quum
559 1100 607 1157 ille
631 1111 707 1157 esset
731 1100 760 1156 in
780 1099 916 1174 Phrygii,
939 1099 1049 1173 iterque
1074 1100 1108 1155 ad

201 1193 315 1268 Regem
343 1208 529 1270 compararet.
580 1194 674 1267 Missi,
703 1194 778 1251 clam
811 1194 963 1264 vicinitati,
996 1194 1026 1250 in
1054 1194 1110 1268 quai

202 1299 263 1345 turn
278 1289 448 1345 Alcibiades
458 1300 530 1361 erat,
545 1290 615 1347 dant
629 1289 789 1364 negotium,
804 1301 834 1346 ut
846 1308 912 1345 eum
925 1289 1108 1347 interficiant.

146 1384 182 1440 10
202 1382 249 1441 Illi
262 1402 350 1458 quum
365 1404 431 1441 eum
446 1385 520 1442 serro
535 1384 653 1460 aggredi
668 1403 726 1441 non
749 1385 897 1456 auderent,
920 1396 1008 1440 noctu
1031 1385 1111 1459 ligna

201 1480 387 1537 contulerunt
400 1479 480 1536 circa
493 1498 596 1573 casam·
609 1498 684 1550 eam,
700 1479 729 1535 in
754 1479 811 1552 qua
835 1479 1010 1552 quiescebat,
1034 1497 1110 1535 eam·

201 1594 257 1648 que
272 1575 486 1632 succenderunt
494 1595 501 1645 ;
523 1586 556 1632 ut
570 1573 707 1632 incendio
721 1573 907 1645 conficerent,
922 1593 1007 1648 quem
1022 1593 1109 1630 manu

202 1670 330 1745 superari
343 1690 427 1746 posse
446 1670 623 1727 diffidebant.
665 1669 718 1727 Ille
742 1680 837 1727 autem
862 1679 893 1726 ut
915 1669 1010 1726 sonitu
1033 1668 1111 1725 flam·

202 1783 256 1820 mae
270 1776 314 1822 est
325 1765 476 1836 excitatus,
492 1765 546 1822 etsi
559 1764 672 1840 gladius
691 1764 718 1821 ei
740 1776 802 1822 erat
823 1763 992 1835 subductus,
1008 1764 1111 1821 famili·

146 1858 182 1915 15
204 1859 259 1915 aris
273 1859 318 1915 sui
332 1860 463 1915 subalare
478 1860 566 1915 telum
590 1859 702 1933 eripuit.
745 1858 878 1932 Namque
900 1869 962 1915 erat
985 1878 1053 1914 cum
1076 1877 1112 1916 eo

164 2024 174 2041 ι
202 1953 318 2027 quidam
333 1972 369 2009 ex
384 1952 512 2009 Arcadii
526 1954 639 2028 hospeS,
654 1952 702 2028 qui
727 1972 875 2028 nunquam
897 1953 1046 2010 discedere
1065 1973 1111 2012 vo·

201 2048 302 2104 luerat.
346 2046 434 2102 Hunc
449 2046 529 2122 sequi
544 2067 574 2104 se
586 2047 678 2123 jubet,
699 2057 728 2105 et
744 2047 784 2120 id,
808 2049 884 2123 quod
906 2048 936 2104 in
957 2048 1112 2125 praesentiti

202 2141 436 2201 vestimentorum
451 2142 514 2214 fuit,
530 2142 636 2218 arripit.
679 2143 735 2200 His
750 2143 780 2200 iu
795 2143 892 2219 ignem
910 2143 1011 2219 ejectis
1033 2142 1112 2201 flam·

203 2257 257 2294 mae
268 2237 325 2294 vim
340 2237 461 2294 transiit.
502 2237 601 2297 Quem
616 2248 648 2294 ut
662 2237 775 2294 barbari
790 2237 959 2294 incendium
973 2238 1110 2313 effugisse

143 2333 183 2390 20
203 2332 345 2401 viderunt,
360 2330 425 2387 telis
444 2328 585 2408 [eminus]
610 2330 705 2387 missis
728 2330 944 2404 interfecerunt,
968 2344 1110 2407 caputque

203 2426 265 2501 ejus
280 2425 316 2481 ad
330 2424 551 2480 Pharnabazum
565 2424 734 2482 retulerunt.
777 2426 817 2483 At
831 2425 944 2498 mulier,
966 2445 1029 2500 quae
1044 2446 1110 2484 cum

203 2539 238 2576 eo
264 2519 358 2576 vivere
386 2517 549 2590 consuerat,
577 2519 710 2576 muliebri
743 2520 795 2576 sui
833 2532 911 2577 veste
944 2531 1111 2579 contectum

203 2613 318 2669 aedificii
346 2614 482 2670 incendio
509 2624 653 2670 mortuum
681 2613 828 2685 cremavit,
856 2614 931 2687 quod
957 2614 993 2669 ad
1015 2615 1112 2674 vivum

204 2707 426 2766 interimendum
441 2718 503 2764 erat
516 2717 721 2782 comparatum.
764 2707 814 2764 Sic
828 2707 997 2765 Alcibiades
1020 2728 1112 2770 annos

143 2804 184 2863 25
204 2802 318 2861 circiter
333 2801 522 2883 quadraginta
536 2812 621 2858 natus
634 2800 711 2858 diem
724 2801 797 2859 obiit
810 2820 984 2877 supremum.

243 2898 299 2956 XI.
341 2897 431 2954 Hunc
458 2896 628 2953 infamatum
652 2914 669 2952 a
695 2896 838 2972 plerisque
865 2909 923 2955 tres
950 2897 1111 2974 gravissimi

204 2993 334 3053 historici
348 2992 467 3051 summis
480 2992 614 3049 laudibus
635 2993 818 3051 extulerunt:
840 2993 1040 3068 Thucydides,
1063 2994 1111 3067 qui

204 3090 335 3164 ejusdem
346 3088 437 3148 aetatis
451 3088 521 3156 suit;
543 3086 760 3163 Theopompus,
774 3087 823 3161 qui
837 3087 891 3145 fuit
903 3085 968 3161 pbst
985 3086 1113 3159 aliquan·

205 3182 234 3240 tb
243 3194 338 3253 natus,
350 3194 379 3240 et
390 3182 529 3239 Timaeus.
562 3181 626 3241 Qui
637 3180 753 3254 quidem
765 3181 822 3237 duo
833 3178 1111 3252 maledicentissimi,

145 3278 185 3335 30
206 3277 305 3335 nescio
328 3295 384 3350 quo
405 3278 500 3348 modo,
526 3275 555 3331 in
584 3274 632 3332 illo
660 3294 718 3331 uno
742 3274 887 3330 laudando
915 3271 1110 3333 consciorum.

106 3392 130 3436 (ἡ
207 3371 339 3445 Namque
353 3389 398 3441 ea,
409 3390 471 3444 quae
481 3367 568 3447 suprd
578 3369 712 3441 diximus,
722 3369 757 3424 de
769 3343 1014 3444 eopraedid'arunt,
1027 3380 1111 3443 atquc

206 3468 261 3523 hoc
284 3462 423 3540 amplibs:
455 3484 542 3539 quum
567 3465 701 3536 Athenis,
729 3462 961 3539 splendidissima
985 3463 1109 3538 civitate,

207 3573 291 3620 natus
299 3570 385 3621 esset.
395 3577 496 3617 omnes
507 3561 658 3635 splendore
670 3579 704 3617 ac
715 3559 855 3635 dignitate
867 3559 1017 3638 superbsse
1029 3559 1110 3621 vitae:
