2392 4132
563 192 569 221 l

483 366 486 371 .
516 327 725 378 MILTIADES.

171 483 259 542 Iones
274 484 380 542 Sardes
394 484 742 562 expugnassent-suaque
755 485 889 562 praesidia
908 487 1069 546 interfecis-

171 591 244 638 sent.
286 578 334 636 Illi
347 580 476 654 praefecti
490 580 590 656 Regii,
612 582 705 639 classe
720 582 756 638 ad
776 581 918 639 Euboeam
939 585 1071 659 appulsa,

171 673 304 731 celeriter
315 673 458 731 Eretriam
472 686 622 750 ceperunt,
635 694 792 750 omnesque
802 676 866 751 ejus
879 678 974 752 gentis
992 678 1072 735 cives

170 768 303 844 abreptos
317 767 347 825 in
358 767 461 825 Asiam
475 769 512 826 ad
526 769 641 845 Regem
655 769 804 827 miserunt.
846 769 920 828 Inde
937 772 973 828 ad
996 771 1072 830 Atti-

129 864 150 922 5
170 882 236 921 cam
246 874 441 937 accesserunt,
453 883 488 923 ac
502 883 569 922 suas
583 865 682 940 copias
695 865 726 922 in
740 884 875 941 campum
897 865 1072 925 Marathona

170 960 360 1018 deduxerunt.
401 959 432 1018 Is
446 940 528 1018 abest
541 961 578 1018 ab
591 962 696 1037 oppido
706 961 821 1021 circiter
835 961 926 1019 millia
934 981 1072 1039 passuum

170 1055 281 1123 decem.
323 1055 390 1115 Hoc
403 1057 528 1114 tumultu
539 1056 735 1128 Athenienses
749 1067 809 1114 tam
821 1057 981 1133 propinquo
1001 1069 1073 1116 tam·

169 1169 224 1224 que
242 1169 348 1226 magno
361 1150 493 1226 permoti,
508 1150 646 1209 auxilium
670 1169 813 1225 nusquam
834 1151 891 1208 nisi
905 1170 923 1208 a
936 1151 1072 1209 Lacedae-

169 1245 454 1321 moniispetiverunt,
463 1245 865 1322 Philippidemquecursorem
875 1245 938 1321 ejus
946 1247 1073 1322 generis,

113 1339 150 1397 lo
169 1340 219 1416 qui
232 1340 442 1398 hemerodromi
455 1352 604 1412 vocantur,
618 1340 862 1398 Lacedaemonem
876 1339 1026 1413 miserunt,
1041 1352 1074 1399 ut

168 1436 325 1508 nuntiaret,
339 1432 426 1510 quam
440 1434 529 1493 celeri
541 1454 614 1511 opus
627 1447 704 1493 esset
718 1435 833 1493 auxilio.
874 1435 962 1493 Domi
977 1447 1073 1493 autem

169 1541 269 1588 creant
283 1531 385 1586 decern
398 1541 543 1604 pretores,
557 1528 607 1604 qui
625 1530 766 1587 exercitui
788 1541 955 1605 preessent,
977 1530 1008 1587 in
1030 1530 1074 1588 eis

169 1623 340 1684 Miltiadem.
383 1623 464 1682 Inter
484 1643 555 1699 quos
576 1643 682 1701 magna
710 1625 764 1682 fuit
790 1624 949 1694 contentio,
976 1623 1072 1684 utrium

168 1721 313 1778 moenibus
339 1739 370 1778 se
394 1720 593 1793 defenderent,
626 1739 664 1778 an
692 1718 807 1778 obviam
837 1720 912 1777 irent
940 1720 1072 1778 hostibus

112 1815 149 1874 15
169 1815 288 1890 acieque
297 1816 496 1873 decernerent.
530 1815 613 1872 Unus
624 1814 771 1873 Miltiades
781 1812 906 1872 maxime
917 1813 1074 1887 nitebatur,

168 1921 201 1968 ut
211 1912 303 1986 primo
313 1928 425 1984 quoque
443 1920 571 1983 tempore
593 1920 688 1965 castra
709 1909 820 1966 fierent.
862 1908 898 1964 Id
917 1908 942 1964 si
964 1911 1072 1968 facturn

168 2015 255 2076 esset,
268 2014 298 2061 et
311 2002 423 2060 civibus
436 2003 564 2059 animum
580 2020 775 2074 accessurum,
789 2019 878 2076 quum
891 2000 1022 2060 viderent
1035 2005 1073 2060 de

168 2117 268 2156 eorum
290 2097 394 2156 virtute
412 2117 471 2156 non
492 2095 649 2172 desperari,
670 2107 700 2153 et
715 2097 812 2154 hostes
835 2094 938 2152 eadem
959 2115 990 2152 re
1012 2096 1072 2154 fore

168 2193 318 2266 tardiores,
338 2192 364 2251 si
382 2192 653 2264 animadverterent,
678 2190 778 2248 auderi
800 2186 937 2246 adversus
961 2209 991 2247 sc
1013 2202 1072 2248 tarn

108 2289 149 2349 2⁰
168 2288 282 2364 exiguis
293 2287 383 2363 copiis
394 2286 542 2344 dimicare.

207 2383 245 2440 V.
285 2381 353 2440 Hoc
376 2380 407 2439 in
438 2392 566 2456 tempore
594 2379 675 2438 nulla
708 2378 810 2437 civitas
842 2377 1073 2436 Atheniensibus

168 2476 275 2536 auxilio
286 2475 340 2534 luit
352 2486 456 2551 preter
468 2475 652 2533 Plataeenses.
693 2472 739 2531 Ea
749 2473 827 2530 mille
841 2471 919 2531 misit
939 2472 1071 2530 militum.

168 2570 271 2646 Itaque
295 2571 397 2628 horum
418 2569 544 2627 adventu
566 2568 669 2625 decem
690 2567 780 2625 millia
801 2578 973 2625 armatorum
996 2587 1073 2625 com-

166 2665 245 2744 pleta
265 2676 352 2723 sunt:
382 2682 446 2740 quae
479 2654 582 2721 nianus
607 2662 732 2720 mirabili
762 2661 901 2738 flagrabat
923 2661 1072 2737 pugnandi

107 2761 149 2819 25
168 2759 335 2836 cupiditate.
385 2758 456 2820 Quo
478 2759 585 2816 factum
609 2768 663 2829 est,
688 2768 719 2815 ut
739 2754 816 2832 plus,
836 2757 923 2831 quarn
942 2757 1072 2833 collegas,

167 2855 316 2914 Miltiades
352 2853 481 2912 valuerit.
536 2853 609 2929 Ejus
639 2852 718 2911 enim
752 2842 922 2910 auctoritate
956 2850 1073 2927 impulsi

168 2951 365 3009 Athenienses
378 2948 523 3026 copiasex
540 2949 611 3006 urbe
630 2948 803 3020 eduxerunt,
824 2947 946 3022 locoque
968 2947 1089 3028 idoneo‘

168 3058 263 3105 castra
276 3047 415 3105 fecerunt.
457 3044 572 3103 Deinde
585 3056 700 3121 postero
713 3043 761 3100 die
775 3043 828 3101 sub
839 3041 945 3099 montis
969 3039 1073 3098 radici·

168 3141 234 3213 bus,
261 3141 325 3198 acie
344 3159 362 3197 e
386 3139 504 3215 regione
530 3138 681 3210 instructi,
708 3137 782 3194 nord
804 3147 874 3207 arte,
896 3134 925 3191 ri
948 3136 1101 3208 summa„

108 3234 149 3311 30
168 3235 301 3311 proelium
322 3230 536 3292 commiserunt.
585 3230 720 3306 Namque
745 3229 860 3287 arbores
878 3228 976 3288 multis
999 3228 1071 3286 locis

168 3339 252 3387 erant
272 3339 377 3401 strate,
401 3328 457 3386 hoc
478 3326 610 3399 consilio,
630 3337 662 3384 ut
685 3335 715 3384 et
737 3323 878 3382 montium
902 3335 1070 3400 tegerentur

169 3423 332 3496 altitudine,
345 3433 375 3480 et
386 3422 520 3480 arborum
532 3432 627 3480 tractu
647 3420 791 3496 equitatus
813 3418 937 3477 hostiurn
952 3418 1071 3495 impedi·

168 3527 254 3588 retur,
284 3536 322 3575 ne
345 3515 530 3575 multitudine
559 3515 772 3573 clauderentur.
827 3513 911 3571 Datis
933 3512 989 3572 etsi
1012 3531 1070 3571 non
