2392 4132
111 347 169 407 lut
407 340 662 406 abeundum
679 354 845 404 anricus.
892 408 904 423 ,

166 534 234 573 cunt
248 535 284 574 uo
297 515 331 572 L.
346 516 516 573 Cornelium
542 515 675 584 Balbum,
691 517 869 590 Sextumque
894 514 1084 587 Peducaeuui.

168 610 232 669 llos
255 622 287 668 ut
314 611 427 667 uenisse
456 610 537 678 uidit,
565 610 596 667 in
623 610 755 668 cubitum
776 610 912 680 innixus;
933 621 1085 686 quantum,

168 705 270 780 inquit,
284 724 381 762 curura
401 705 635 782 diligentiamque
656 706 687 761 ia
709 705 871 763 valetudiue
891 705 953 762 med
975 706 1084 764 tuendd

167 802 217 858 loc
231 809 351 877 tempore
365 801 552 871 adbibuerint,
574 820 658 877 quum
679 819 727 859 vos
754 809 837 857 testes
859 801 986 873 babeam,
1009 802 1088 858 uiuit

127 898 273 954 buecesse
287 905 329 954 est
337 897 471 974 pluribus
493 897 586 954 uerbis
613 915 831 953 eumuemorure.
876 895 990 964 Quibus
1015 916 1083 972 que·
1160 878 1164 891 ¹

168 993 255 1063 uum,
270 1001 302 1049 ut
315 1012 407 1070 spero,
431 990 574 1068 satisfeci,
593 1011 635 1049 ate
658 991 733 1049 nibil
751 991 856 1067 reliqui
869 989 989 1067 fecisse,
1006 992 1086 1066 quod

168 1086 209 1144 od
233 1088 391 1145 suuouduut
417 1108 458 1146 ute
480 1088 649 1165 pertineret,
672 1087 810 1160 reliquunt
837 1095 889 1160 est,
916 1095 948 1143 ut
975 1096 1083 1160 egonut

167 1184 237 1240 rutili
250 1184 402 1241 cortsulout.
444 1183 485 1240 Id
495 1201 543 1239 ros
554 1183 690 1256 ignorare
703 1181 791 1237 uolui.
833 1181 911 1238 Nam
924 1181 994 1238 milti
1008 1190 1079 1253 stet,

168 1279 243 1335 olere
266 1278 389 1334 morbum
412 1277 547 1334 desinere.
588 1276 724 1352 Nouoque
747 1277 793 1333 bis
817 1277 914 1334 diebus
941 1277 1084 1352 quidquid

112 1375 149 1432 lu
168 1372 226 1430 cibi
235 1372 415 1449 potionisque
429 1373 548 1448 sumpsi,
572 1371 617 1427 ilo
633 1370 761 1447 produxi
779 1372 879 1443 ritum,
901 1380 934 1428 ut
955 1374 1082 1428 auserim

168 1468 276 1526 dolores
290 1468 350 1525 siue
372 1486 420 1544 spe
440 1467 553 1524 solutis.
598 1466 700 1535 Quare
722 1485 742 1523 a
762 1467 841 1523 robis
857 1476 926 1542 peto
942 1465 1080 1543 primum,

168 1568 200 1619 ut
221 1562 370 1620 consiliunt
383 1561 514 1639 probatis
537 1581 643 1619 uruat:
663 1561 774 1634 deiude,
793 1581 827 1620 ue
840 1560 963 1639 frustrd
983 1562 1082 1620 debur-

168 1658 257 1716 tuudo
271 1658 416 1717 rououiai.

202 1754 306 1812 xxti.
347 1754 414 1813 lite
435 1752 565 1813 oratione
592 1752 692 1810 hubitit
713 1752 794 1811 tenti
817 1752 981 1812 constantia
1002 1753 1082 1810 vocis

114 1850 150 1906 lb
169 1860 254 1924 atquo
268 1848 372 1921 uultus,
394 1860 426 1906 ut
448 1867 508 1906 uon
531 1867 569 1905 ex
582 1847 651 1919 vita,
668 1848 720 1905 sed
743 1866 780 1905 ex
802 1849 889 1906 domo
909 1847 940 1905 in
963 1847 1080 1905 domum

169 1943 312 2002 uiolentur
339 1943 474 2019 migrare,
501 1961 590 2018 quum
616 1942 733 2017 quidem
758 1942 890 2020 Agrippa
915 1962 982 2001 eum
1008 1943 1081 2001 flens

169 2050 252 2113 utilite
266 2037 401 2095 incultus
414 2048 509 2097 oraret
523 2049 609 2113 atque
629 2037 805 2111 obsecraret,
827 2058 861 2096 ue
883 2039 924 2095 od
943 2039 985 2111 id,
1008 2039 1084 2114 quod

168 2140 277 2189 utituro
299 2139 421 2207 cogeret,
444 2133 505 2209 ipse
531 2151 639 2209 quoque
663 2133 860 2195 acceleraret:
894 2141 922 2188 ct
949 2135 1082 2208 quoniam
1164 2176 1173 2193 .

168 2235 226 2285 turo
248 2245 355 2303 quaque
370 2234 470 2302 posset
494 2225 664 2300 temporibus
686 2243 840 2299 superesse,
855 2243 884 2280 se
898 2227 955 2281 sibi
968 2230 1082 2304 suisque

108 2321 150 2379 20
168 2328 346 2381 reservem,-
366 2336 468 2392 preces
489 2319 553 2392 ejus
575 2316 721 2374 taciturn&
742 2316 796 2373 sui
818 2317 1012 2375 obstinatione
1034 2325 1084 2379 de·

168 2411 279 2489 pressit.
322 2411 372 2468 Sic
384 2429 472 2485 quum
486 2410 607 2467 biduum
621 2409 688 2468 cibo
712 2429 743 2468 se
766 2410 961 2483 abstinuisset,
984 2414 1082 2474 subitd

168 2506 255 2564 febris
280 2505 415 2578 decessit,
429 2504 574 2581 leviorque
595 2505 713 2565 morbus
739 2526 803 2565 esse
828 2506 922 2582 coepit.
964 2507 1081 2565 Tamen

166 2602 342 2676 propositum
369 2600 461 2658 nihilo
487 2598 584 2658 secius
611 2601 731 2677 peregit.
781 2601 883 2675 Itaque
907 2599 954 2656 die
978 2601 1083 2674 quinto

166 2695 231 2772 pdst
245 2695 331 2770 quiem
346 2696 375 2753 id
389 2696 542 2754 consilium
557 2695 669 2766 inierat,
683 2696 776 2770 pridie
797 2695 945 2752 Kalendas
960 2696 1082 2772 Aprilis,

108 2792 149 2850 25
169 2792 224 2850 Cn.
239 2791 377 2862 Domitio,
402 2791 436 2847 C.
458 2790 542 2849 Sosio
566 2789 660 2862 Coss,
685 2790 819 2849 decessit.
860 2790 963 2849 Elatus
985 2805 1029 2850 est
1051 2795 1081 2854 in

167 2885 320 2956 lenticulis,
342 2898 374 2943 ut
388 2885 448 2962 ipse
462 2884 685 2962 praescripserat,
700 2885 763 2943 sine
774 2886 833 2943 ullis
844 2887 949 2962 pompis
961 2888 1076 2964 funeris

169 2982 374 3041 comitantibus
387 2982 521 3039 omnibus
542 2980 635 3054 bunis,
660 2982 787 3039 maximia
808 2981 886 3058 vttlgi
911 2983 1077 3058 frequentia

169 3079 306 3153 Sepultus
320 3077 457 3153 estjuxta
471 3077 545 3134 viad
571 3076 707 3152 Appiam,
733 3078 769 3135 ad
791 3077 923 3152 quintum
945 3079 1078 3156 lapidem,

169 3172 199 3228 in
213 3186 401 3230 monumento
414 3172 521 3234 Quinti
536 3172 659 3245 Otacilii,
675 3168 811 3231 avunculi
825 3172 879 3232 sui.
