2392 4132
481 302 657 354 uultures.
1048 300 1088 358 87

117 457 169 516 sed
177 457 209 516 ed
226 477 281 515 non
295 459 414 533 accidit,
429 459 508 537 qudd
518 482 662 539 nunquam
676 462 872 540 &infestiore
885 484 944 523 sum
966 486 1029 524 con·

113 570 240 627 gressus.
282 554 350 611 Non
364 556 436 612 enisu
451 576 511 614 eum
525 577 665 635 quoquam
690 578 772 616 arria
786 562 903 634 contult,
918 563 989 637 quin
1003 563 1028 620 is

116 649 186 705 milti
199 649 386 707 succubuerit.
428 650 497 708 Non
511 654 583 709 enim
597 655 704 710 uirtute
717 654 848 727 hostium,
863 656 913 713 sed
928 658 1029 714 amico·

115 743 311 821 rumperfidid
326 745 428 804 deeids'.
470 746 574 822 Neque
589 748 618 805 id
633 750 745 806 falsum.
786 749 817 806 N
819 769 864 807 am
885 762 915 809 et
935 751 1029 828 digni·

116 851 174 898 tate
189 840 242 898 tuit
253 841 375 924 honesti
388 852 418 898 et
431 840 540 900 viribus
556 842 592 900 ad
606 844 733 901 laborem
754 846 906 902 ferendum
927 847 1027 920 firmis,
1048 848 1068 905 6

115 953 209 1010 neque
222 947 281 994 tam
295 954 402 1012 magno
414 956 544 1013 corpore,
556 937 641 1014 qudm
655 940 748 1016 figura
764 942 893 999 venusti.

155 1030 228 1087 XII.
270 1030 316 1088 De
330 1032 386 1088 hoc
399 1032 575 1109 Antigonus,
589 1053 677 1109 quum
691 1034 769 1092 solus
783 1036 958 1094 constituere
970 1056 1028 1094 uon

115 1127 244 1198 auderet,
259 1127 296 1183 ad
309 1127 463 1184 consilium
480 1128 586 1187 retulit.
628 1128 687 1187 Hic
706 1149 794 1205 quum
818 1131 948 1206 plerique
968 1151 1029 1190 om·

114 1239 168 1277 nes
180 1219 273 1297 primd
286 1223 445 1298 perturbati
460 1223 679 1297 admirarentur,
690 1244 749 1282 non
762 1226 821 1302 jam
836 1227 873 1283 de
884 1246 919 1284 eo
933 1246 1029 1303 sump-

114 1328 176 1374 tum
191 1335 256 1375 esse
266 1317 449 1393 supplicium,
464 1337 481 1375 a
494 1338 551 1392 quo
565 1330 606 1377 tot
621 1339 712 1377 annos
734 1318 808 1377 aded
832 1332 930 1379 essent
951 1318 1027 1379 malis
1049 1320 1087 1378 10

115 1408 217 1486 habiti,
232 1424 264 1470 ut
275 1411 351 1488 saepe
368 1413 403 1470 ad
421 1413 651 1489 desperationem
671 1416 764 1472 forent
784 1415 911 1487 addu‘cd,
923 1416 1028 1490 quique

114 1506 257 1565 maximos
271 1508 361 1565 duces
372 1508 580 1578 interfecisset3
602 1509 728 1584 denique
748 1509 778 1566 in
792 1529 849 1585 quo
873 1530 932 1568 uno
953 1522 1029 1568 esset

113 1600 237 1675 tantum,
252 1613 294 1675 ut,
308 1602 402 1677 quoad
417 1602 465 1660 ille
480 1604 597 1676 viveret,
612 1604 666 1679 ipsi
684 1604 779 1661 securi
800 1623 863 1661 esse
885 1624 943 1662 non
964 1625 1029 1681 pos-

112 1709 196 1765 seut;
219 1698 381 1769 interfecte,
396 1698 468 1755 nihil
483 1699 609 1756 habituri
620 1699 729 1775 negotii
738 1711 855 1769 essent;
870 1701 1026 1776 postremi),

112 1793 138 1851 si
152 1793 193 1850 illi
208 1793 341 1851 redderet
361 1793 494 1866 salutem,
515 1795 682 1869 quaerebant
701 1794 806 1869 quibus
828 1794 930 1852 amicis
950 1807 1027 1853 esset
1049 1796 1086 1853 15

112 1890 239 1946 usurus?
261 1907 324 1946 sese
338 1889 416 1946 enim
430 1908 498 1946 cum
512 1888 645 1946 Eumene
660 1890 736 1967 apud
750 1909 817 1947 eum
832 1910 889 1947 non
905 1892 1024 1948 futuros.

113 1983 184 2057 Hic,
199 1982 318 2058 cognitd
338 1983 452 2041 consilii
473 1984 629 2058 voluntate,
650 1997 748 2043 tamen
769 2005 859 2060 usque
881 1987 917 2042 ad
942 1986 1028 2062 septi-

111 2097 192 2136 mum
219 2079 297 2135 diem
324 2078 503 2136 deliberandi
530 2078 586 2136 sibi
612 2079 736 2155 spatium
771 2080 895 2155 reliquit.
946 2079 1026 2137 Tum

112 2186 219 2246 autem,
234 2192 322 2249 quum
334 2173 397 2248 jam
411 2185 567 2246 vereretur,
582 2193 677 2249 nequa
690 2174 793 2232 seditio
814 2172 959 2231 exercitiis
972 2174 1027 2232 ori·

110 2280 200 2342 retur,
214 2268 315 2341 vetuit,
327 2269 363 2326 ad
375 2287 442 2326 eum
463 2288 625 2344 quenquam
640 2268 763 2342 admitti,
777 2279 806 2327 et
827 2268 1026 2344 quotidianum
1045 2270 1085 2328 2⁰

110 2364 220 2422 vlotum
235 2363 360 2421 amoveri
371 2362 466 2440 jussit
509 2362 587 2420 Nam
603 2362 739 2440 negabat,
753 2383 785 2421 se
803 2362 832 2420 ei
851 2362 908 2421 vim
929 2364 1028 2422 allatu·

110 2478 186 2532 rum,
201 2458 263 2534 ,qui
290 2458 446 2533 aliquando
472 2457 576 2516 fuisset
603 2459 722 2516 amicus.
764 2457 824 2515 Hic
848 2470 946 2516 tamen
966 2476 1026 2516 non

111 2552 235 2631 amplids
248 2552 334 2630 qudm
344 2553 472 2612 triduum
484 2554 558 2611 same
573 2553 719 2629 fatigatus,
730 2572 818 2628 quum
829 2564 924 2612 castra
934 2572 1028 2610 move·

110 2661 221 2722 rentur,
244 2649 388 2707 insciente
409 2649 559 2726 Antigono
577 2649 726 2725 jugulatus
746 2661 790 2706 est
811 2667 829 2704 a
848 2648 1025 2706 custodibus.

149 2742 241 2802 XIII.
283 2744 335 2802 sio
362 2742 511 2802 Eumenes
538 2762 681 2802 annorum
706 2743 832 2819 quinque
857 2754 887 2801 et
906 2743 1027 2818 quadra·
1045 2742 1085 2799 25

110 2840 204 2918 giuta,
224 2858 313 2916 quum
336 2840 372 2896 ab
394 2858 470 2897 anno
490 2839 639 2911 vicesimo,
662 2836 704 2896 uti
726 2836 812 2912 supra
834 2836 1024 2906 ostendimus,

110 2947 221 3012 septem
248 2954 341 2993 annos
368 2934 502 3011 Philippo
530 2933 717 3011 apparuisset,
742 2943 771 2990 et
792 2930 933 2990 tredecim
950 2930 1026 3005 apud

110 3029 312 3087 Alexandrum
338 3029 465 3086 eundem
492 3028 588 3087 locum
614 3027 798 3101 obtinuisset,
814 3025 844 3084 iu
863 3025 908 3083 his
936 3043 1026 3082 unum

109 3124 238 3199 equitum
261 3124 313 3182 alae
337 3123 509 3200 praefuisset,
534 3135 599 3200 post
621 3135 718 3182 autem
743 3122 903 3180 Alexandri
927 3120 1026 3197 magni

109 3231 231 3277 mortem
245 3218 401 3294 imperator
414 3219 559 3277 exercitus
573 3218 712 3291 duxisset,
730 3236 913 3291 summosque
935 3218 1025 3274 duces
1045 3219 1085 3275 30

109 3315 213 3391 partim
233 3313 397 3390 repulisset,
410 3313 516 3389 partim
528 3313 731 3385 interfecisset,
748 3323 849 3389 captus
867 3332 927 3369 non
942 3311 1026 3370 Anti-

109 3408 179 3484 goni
203 3408 318 3483 virtute,
341 3408 393 3466 sed
421 3406 619 3465 Macedonum
646 3407 782 3483 perjurio,
810 3407 897 3464 talem
925 3406 1026 3464 habuit

108 3503 219 3565 exitum
245 3504 319 3563 rite.
372 3502 409 3560 In
435 3520 492 3582 quo
518 3513 627 3580 quanta
654 3502 739 3560 fuerit
765 3500 896 3561 omnium
923 3500 1022 3579 opimo
