<?xml version="1.0" encoding="UTF-8"?>
<!DOCTYPE html PUBLIC "-//W3C//DTD XHTML 1.0 Transitional//EN"
    "http://www.w3.org/TR/xhtml1/DTD/xhtml1-transitional.dtd">
<html xmlns="http://www.w3.org/1999/xhtml" xml:lang="en" lang="en">
 <head>
  <title>
</title>
<meta http-equiv="Content-Type" content="text/html;charset=utf-8" />
  <meta name='ocr-system' content='tesseract 3.04.00' />
  <meta name='ocr-capabilities' content='ocr_page ocr_carea ocr_par ocr_line ocrx_word'/>
</head>
<body>
  <div class='ocr_page' id='page_1' title='image "./devitaexcellent00nepogoog_0100.png"; bbox 0 0 2392 4132; ppageno 0'>
   <div class='ocr_carea' id='block_1_1' title="bbox 498 300 1092 357">
    <p class='ocr_par' dir='ltr' id='par_1_1' title="bbox 498 300 1092 357">
     <span class='ocr_line' id='line_1_1' title="bbox 498 300 1092 357; baseline 0.005 -3"><span class='ocrx_word' id='word_1_1' title='bbox 498 305 663 356; x_wconf 73' lang='lat' dir='ltr'><strong>rfloclon.</strong></span> <span class='ocrx_word' id='word_1_2' title='bbox 1051 300 1092 357; x_wconf 75' lang='grc'><strong>89</strong></span> 
     </span>
    </p>
   </div>
   <div class='ocr_carea' id='block_1_2' title="bbox 46 462 1088 3567">
    <p class='ocr_par' dir='ltr' id='par_1_2' title="bbox 120 462 1031 615">
     <span class='ocr_line' id='line_1_2' title="bbox 120 462 1031 544; baseline 0.004 -23"><span class='ocrx_word' id='word_1_3' title='bbox 120 472 187 521; x_wconf 75' lang='lat' dir='ltr'><strong>scat</strong></span> <span class='ocrx_word' id='word_1_4' title='bbox 204 462 318 539; x_wconf 75' lang='lat' dir='ltr'><strong>fetori,</strong></span> <span class='ocrx_word' id='word_1_5' title='bbox 343 464 407 523; x_wconf 85' lang='lat' dir='ltr'><strong>nolo</strong></span> <span class='ocrx_word' id='word_1_6' title='bbox 428 464 496 521; x_wconf 83' lang='lat' dir='ltr'><strong>meis</strong></span> <span class='ocrx_word' id='word_1_7' title='bbox 517 464 650 540; x_wconf 72' lang='lat' dir='ltr'><strong>impensis</strong></span> <span class='ocrx_word' id='word_1_8' title='bbox 675 464 789 522; x_wconf 71' lang='lat' dir='ltr'><strong>illenim</strong></span> <span class='ocrx_word' id='word_1_9' title='bbox 810 465 852 522; x_wconf 76' lang='lat' dir='ltr'><strong>oli</strong></span> <span class='ocrx_word' id='word_1_10' title='bbox 875 467 1031 544; x_wconf 64' lang='lat' dir='ltr'><strong>negarique</strong></span> 
     </span>
     <span class='ocr_line' id='line_1_3' title="bbox 121 559 272 615; baseline -0.007 0"><span class='ocrx_word' id='word_1_11' title='bbox 121 559 272 615; x_wconf 74' lang='lat' dir='ltr'><strong><em>luxuriam.</em></strong></span> 
     </span>
    </p>

    <p class='ocr_par' dir='ltr' id='par_1_3' title="bbox 116 652 1088 2529">
     <span class='ocr_line' id='line_1_4' title="bbox 160 652 1030 730; baseline 0.005 -21"><span class='ocrx_word' id='word_1_12' title='bbox 160 652 202 709; x_wconf 93' lang='grc' dir='ltr'><strong>ΙΙ.</strong></span> <span class='ocrx_word' id='word_1_13' title='bbox 244 652 326 709; x_wconf 85' lang='lat' dir='ltr'><strong>Idem</strong></span> <span class='ocrx_word' id='word_1_14' title='bbox 340 670 428 726; x_wconf 88' lang='lat' dir='ltr'><strong>quum</strong></span> <span class='ocrx_word' id='word_1_15' title='bbox 440 671 529 728; x_wconf 87' lang='lat' dir='ltr'>prope</span> <span class='ocrx_word' id='word_1_16' title='bbox 543 652 580 709; x_wconf 88' lang='lat' dir='ltr'><strong>ad</strong></span> <span class='ocrx_word' id='word_1_17' title='bbox 595 671 703 709; x_wconf 85' lang='lat' dir='ltr'><strong>annum</strong></span> <span class='ocrx_word' id='word_1_18' title='bbox 723 653 932 729; x_wconf 82' lang='lat' dir='ltr'><strong>octogesimum</strong></span> <span class='ocrx_word' id='word_1_19' title='bbox 952 674 1030 730; x_wconf 87' lang='lat' dir='ltr'><strong>pros·</strong></span> 
     </span>
     <span class='ocr_line' id='line_1_5' title="bbox 119 746 1030 826; baseline 0.003 -21"><span class='ocrx_word' id='word_1_20' title='bbox 119 748 190 823; x_wconf 74' lang='lat' dir='ltr'><strong>peri</strong></span> <span class='ocrx_word' id='word_1_21' title='bbox 204 746 382 823; x_wconf 82' lang='lat' dir='ltr'><strong>pervenisset</strong></span> <span class='ocrx_word' id='word_1_22' title='bbox 395 747 521 819; x_wconf 74' lang='lat' dir='ltr'><strong>fortuni,</strong></span> <span class='ocrx_word' id='word_1_23' title='bbox 535 747 671 806; x_wconf 81' lang='lat' dir='ltr'><strong>extremis</strong></span> <span class='ocrx_word' id='word_1_24' title='bbox 691 748 868 823; x_wconf 68' lang='lat' dir='ltr'><strong>temporibus</strong></span> <span class='ocrx_word' id='word_1_25' title='bbox 891 768 1030 826; x_wconf 78' lang='lat' dir='ltr'><strong>magnum</strong></span> 
     </span>
     <span class='ocr_line' id='line_1_6' title="bbox 120 841 1070 920; baseline 0.004 -21"><span class='ocrx_word' id='word_1_26' title='bbox 120 842 151 899; x_wconf 90' lang='lat' dir='ltr'><strong>in</strong></span> <span class='ocrx_word' id='word_1_27' title='bbox 173 842 273 900; x_wconf 92' lang='lat' dir='ltr'><strong>odium</strong></span> <span class='ocrx_word' id='word_1_28' title='bbox 295 841 428 916; x_wconf 82' lang='lat' dir='ltr'><strong>pervenit</strong></span> <span class='ocrx_word' id='word_1_29' title='bbox 452 858 570 899; x_wconf 87' lang='lat' dir='ltr'><strong>suorum</strong></span> <span class='ocrx_word' id='word_1_30' title='bbox 593 841 709 899; x_wconf 84' lang='lat' dir='ltr'><strong>civium.</strong></span> <span class='ocrx_word' id='word_1_31' title='bbox 749 842 847 901; x_wconf 81' lang='lat' dir='ltr'><strong>Primd</strong></span> <span class='ocrx_word' id='word_1_32' title='bbox 861 843 939 920; x_wconf 81' lang='lat' dir='ltr'><strong>qudd</strong></span> <span class='ocrx_word' id='word_1_33' title='bbox 962 846 1070 903; x_wconf 65' lang='lat' dir='ltr'><strong>cumb</strong></span> 
     </span>
     <span class='ocr_line' id='line_1_7' title="bbox 120 936 1031 1015; baseline 0.003 -20"><span class='ocrx_word' id='word_1_34' title='bbox 120 937 251 995; x_wconf 77' lang='lat' dir='ltr'><strong>Demade</strong></span> <span class='ocrx_word' id='word_1_35' title='bbox 264 936 302 993; x_wconf 90' lang='lat' dir='ltr'><strong>de</strong></span> <span class='ocrx_word' id='word_1_36' title='bbox 312 936 384 992; x_wconf 87' lang='lat' dir='ltr'><strong>urba</strong></span> <span class='ocrx_word' id='word_1_37' title='bbox 397 936 539 993; x_wconf 75' lang='lat' dir='ltr'><strong>tradendi</strong></span> <span class='ocrx_word' id='word_1_38' title='bbox 553 936 709 1012; x_wconf 77' lang='lat' dir='ltr'>Antipatro</span> <span class='ocrx_word' id='word_1_39' title='bbox 729 950 915 998; x_wconf 87' lang='lat' dir='ltr'><strong>consenserat</strong></span> <span class='ocrx_word' id='word_1_40' title='bbox 926 959 934 1010; x_wconf 91' lang='lat'>;</span> <span class='ocrx_word' id='word_1_41' title='bbox 955 939 1031 1015; x_wconf 80' lang='lat' dir='ltr'><strong>ejus-</strong></span> 
     </span>
     <span class='ocr_line' id='line_1_8' title="bbox 119 1029 1029 1108; baseline 0.004 -20"><span class='ocrx_word' id='word_1_42' title='bbox 119 1049 175 1106; x_wconf 86' lang='lat' dir='ltr'><strong>que</strong></span> <span class='ocrx_word' id='word_1_43' title='bbox 196 1030 318 1089; x_wconf 88' lang='lat' dir='ltr'><strong>consilio</strong></span> <span class='ocrx_word' id='word_1_44' title='bbox 337 1029 550 1088; x_wconf 84' lang='lat' dir='ltr'><strong>Demosthenes</strong></span> <span class='ocrx_word' id='word_1_45' title='bbox 577 1049 645 1088; x_wconf 90' lang='lat' dir='ltr'><strong>cum</strong></span> <span class='ocrx_word' id='word_1_46' title='bbox 669 1032 791 1105; x_wconf 80' lang='lat' dir='ltr'><strong>caeteris,</strong></span> <span class='ocrx_word' id='word_1_47' title='bbox 815 1033 865 1108; x_wconf 90' lang='lat' dir='ltr'><strong>qui</strong></span> <span class='ocrx_word' id='word_1_48' title='bbox 890 1034 965 1091; x_wconf 90' lang='lat' dir='ltr'><strong>bene</strong></span> <span class='ocrx_word' id='word_1_49' title='bbox 991 1035 1029 1092; x_wconf 88' lang='lat' dir='ltr'><strong>de</strong></span> 
     </span>
     <span class='ocr_line' id='line_1_9' title="bbox 119 1123 1030 1202; baseline 0.004 -20"><span class='ocrx_word' id='word_1_50' title='bbox 119 1125 269 1201; x_wconf 72' lang='lat' dir='ltr'><strong>republioi</strong></span> <span class='ocrx_word' id='word_1_51' title='bbox 282 1123 387 1182; x_wconf 88' lang='lat' dir='ltr'><strong>mereri</strong></span> <span class='ocrx_word' id='word_1_52' title='bbox 400 1124 649 1198; x_wconf 68' lang='lat' dir='ltr'><strong>existimabantur,</strong></span> <span class='ocrx_word' id='word_1_53' title='bbox 671 1126 844 1202; x_wconf 90' lang='lat' dir='ltr'><strong>populiscito</strong></span> <span class='ocrx_word' id='word_1_54' title='bbox 861 1128 893 1186; x_wconf 88' lang='lat' dir='ltr'><strong>in</strong></span> <span class='ocrx_word' id='word_1_55' title='bbox 910 1128 1030 1187; x_wconf 85' lang='lat' dir='ltr'><strong>erilium</strong></span> 
     </span>
     <span class='ocr_line' id='line_1_10' title="bbox 118 1217 1030 1299; baseline 0.005 -23"><span class='ocrx_word' id='word_1_56' title='bbox 118 1230 202 1277; x_wconf 87' lang='lat' dir='ltr'><strong>erant</strong></span> <span class='ocrx_word' id='word_1_57' title='bbox 214 1218 345 1295; x_wconf 84' lang='lat' dir='ltr'><strong>expulsi3</strong></span> <span class='ocrx_word' id='word_1_58' title='bbox 366 1217 504 1294; x_wconf 78' lang='lat' dir='ltr'><strong>usquein</strong></span> <span class='ocrx_word' id='word_1_59' title='bbox 518 1239 555 1278; x_wconf 90' lang='lat' dir='ltr'><strong>eo</strong></span> <span class='ocrx_word' id='word_1_60' title='bbox 574 1217 667 1279; x_wconf 83' lang='lat' dir='ltr'><strong>soldm</strong></span> <span class='ocrx_word' id='word_1_61' title='bbox 688 1221 859 1295; x_wconf 85' lang='lat' dir='ltr'><strong>offenderet,</strong></span> <span class='ocrx_word' id='word_1_62' title='bbox 880 1221 959 1298; x_wconf 81' lang='lat' dir='ltr'><strong>qnbd</strong></span> <span class='ocrx_word' id='word_1_63' title='bbox 980 1242 1030 1299; x_wconf 85' lang='lat' dir='ltr'><strong>pa·</strong></span> 
     </span>
     <span class='ocr_line' id='line_1_11' title="bbox 118 1312 1088 1390; baseline 0.004 -19"><span class='ocrx_word' id='word_1_64' title='bbox 118 1312 180 1372; x_wconf 80' lang='lat' dir='ltr'><strong>trie</strong></span> <span class='ocrx_word' id='word_1_65' title='bbox 194 1312 270 1371; x_wconf 74' lang='lat' dir='ltr'><strong>male</strong></span> <span class='ocrx_word' id='word_1_66' title='bbox 281 1314 475 1387; x_wconf 88' lang='lat' dir='ltr'><strong>consuluerat,</strong></span> <span class='ocrx_word' id='word_1_67' title='bbox 490 1314 541 1372; x_wconf 87' lang='lat' dir='ltr'><strong>sed</strong></span> <span class='ocrx_word' id='word_1_68' title='bbox 565 1314 664 1388; x_wconf 85' lang='lat' dir='ltr'><strong>etiarn,</strong></span> <span class='ocrx_word' id='word_1_69' title='bbox 687 1313 765 1390; x_wconf 81' lang='lat' dir='ltr'><strong>qubd</strong></span> <span class='ocrx_word' id='word_1_70' title='bbox 787 1316 921 1375; x_wconf 79' lang='lat' dir='ltr'><strong>amicitie</strong></span> <span class='ocrx_word' id='word_1_71' title='bbox 941 1317 1029 1374; x_wconf 89' lang='lat' dir='ltr'><strong>fidem</strong></span> <span class='ocrx_word' id='word_1_72' title='bbox 1050 1317 1088 1376; x_wconf 83' lang='lat'><strong>1⁰</strong></span> 
     </span>
     <span class='ocr_line' id='line_1_12' title="bbox 118 1407 1029 1486; baseline 0.003 -19"><span class='ocrx_word' id='word_1_73' title='bbox 118 1428 178 1467; x_wconf 91' lang='lat' dir='ltr'><strong>non</strong></span> <span class='ocrx_word' id='word_1_74' title='bbox 189 1409 368 1485; x_wconf 70' lang='lat' dir='ltr'><strong>prestiterat.</strong></span> <span class='ocrx_word' id='word_1_75' title='bbox 409 1407 545 1484; x_wconf 86' lang='lat' dir='ltr'><strong>Namque</strong></span> <span class='ocrx_word' id='word_1_76' title='bbox 560 1421 663 1468; x_wconf 88' lang='lat' dir='ltr'><strong>auctus</strong></span> <span class='ocrx_word' id='word_1_77' title='bbox 677 1410 848 1486; x_wconf 84' lang='lat' dir='ltr'><strong>adjutusque</strong></span> <span class='ocrx_word' id='word_1_78' title='bbox 869 1429 888 1469; x_wconf 83' lang='lat' dir='ltr'><strong>a</strong></span> <span class='ocrx_word' id='word_1_79' title='bbox 908 1411 1029 1470; x_wconf 86' lang='lat' dir='ltr'><strong>Demos·</strong></span> 
     </span>
     <span class='ocr_line' id='line_1_13' title="bbox 117 1504 1029 1581; baseline 0.001 -19"><span class='ocrx_word' id='word_1_80' title='bbox 117 1506 218 1576; x_wconf 90' lang='lat' dir='ltr'><strong>theue,</strong></span> <span class='ocrx_word' id='word_1_81' title='bbox 232 1510 317 1576; x_wconf 85' lang='lat' dir='ltr'><strong>eum,</strong></span> <span class='ocrx_word' id='word_1_82' title='bbox 340 1522 425 1579; x_wconf 92' lang='lat' dir='ltr'><strong>quem</strong></span> <span class='ocrx_word' id='word_1_83' title='bbox 446 1504 575 1577; x_wconf 86' lang='lat' dir='ltr'><strong>tenebat,</strong></span> <span class='ocrx_word' id='word_1_84' title='bbox 599 1505 771 1563; x_wconf 84' lang='lat' dir='ltr'><strong>ascenderat</strong></span> <span class='ocrx_word' id='word_1_85' title='bbox 786 1507 918 1580; x_wconf 85' lang='lat' dir='ltr'><strong>gradum,</strong></span> <span class='ocrx_word' id='word_1_86' title='bbox 940 1526 1029 1581; x_wconf 90' lang='lat' dir='ltr'><strong>quum</strong></span> 
     </span>
     <span class='ocr_line' id='line_1_14' title="bbox 119 1597 1029 1675; baseline -0.001 -18"><span class='ocrx_word' id='word_1_87' title='bbox 119 1597 257 1657; x_wconf 72' lang='lat' dir='ltr'><strong>adversis</strong></span> <span class='ocrx_word' id='word_1_88' title='bbox 270 1599 427 1659; x_wconf 79' lang='lat' dir='ltr'><strong>Charetem</strong></span> <span class='ocrx_word' id='word_1_89' title='bbox 440 1617 508 1656; x_wconf 90' lang='lat' dir='ltr'><strong>eum</strong></span> <span class='ocrx_word' id='word_1_90' title='bbox 520 1599 691 1657; x_wconf 89' lang='lat' dir='ltr'><strong>subornaret</strong></span> <span class='ocrx_word' id='word_1_91' title='bbox 702 1619 709 1669; x_wconf 91' lang='lat'>;</span> <span class='ocrx_word' id='word_1_92' title='bbox 731 1599 768 1656; x_wconf 90' lang='lat' dir='ltr'><strong>ab</strong></span> <span class='ocrx_word' id='word_1_93' title='bbox 781 1600 883 1656; x_wconf 88' lang='lat' dir='ltr'><strong>eodem</strong></span> <span class='ocrx_word' id='word_1_94' title='bbox 903 1600 933 1656; x_wconf 92' lang='lat' dir='ltr'><strong>in</strong></span> <span class='ocrx_word' id='word_1_95' title='bbox 953 1601 1029 1675; x_wconf 88' lang='lat' dir='ltr'><strong>judi·</strong></span> 
     </span>
     <span class='ocr_line' id='line_1_15' title="bbox 117 1691 1028 1770; baseline 0.002 -20"><span class='ocrx_word' id='word_1_96' title='bbox 117 1693 182 1766; x_wconf 88' lang='lat' dir='ltr'><strong>ciis,</strong></span> <span class='ocrx_word' id='word_1_97' title='bbox 197 1712 285 1769; x_wconf 90' lang='lat' dir='ltr'><strong>quum</strong></span> <span class='ocrx_word' id='word_1_98' title='bbox 298 1693 403 1770; x_wconf 87' lang='lat' dir='ltr'><strong>capitis</strong></span> <span class='ocrx_word' id='word_1_99' title='bbox 416 1711 535 1751; x_wconf 86' lang='lat' dir='ltr'><strong>cansam</strong></span> <span class='ocrx_word' id='word_1_100' title='bbox 559 1691 678 1765; x_wconf 88' lang='lat' dir='ltr'><strong>diceret,</strong></span> <span class='ocrx_word' id='word_1_101' title='bbox 704 1694 842 1751; x_wconf 87' lang='lat' dir='ltr'><strong>defensus</strong></span> <span class='ocrx_word' id='word_1_102' title='bbox 866 1694 1028 1768; x_wconf 78' lang='lat' dir='ltr'><strong>aliquoties,</strong></span> 
     </span>
     <span class='ocr_line' id='line_1_16' title="bbox 117 1786 1088 1865; baseline 0 -18"><span class='ocrx_word' id='word_1_103' title='bbox 117 1789 256 1847; x_wconf 85' lang='lat' dir='ltr'><strong>liberatus</strong></span> <span class='ocrx_word' id='word_1_104' title='bbox 268 1789 449 1847; x_wconf 77' lang='lat' dir='ltr'><strong>discesserat.</strong></span> <span class='ocrx_word' id='word_1_105' title='bbox 491 1788 581 1846; x_wconf 87' lang='lat' dir='ltr'><strong>Hunc</strong></span> <span class='ocrx_word' id='word_1_106' title='bbox 594 1807 653 1846; x_wconf 89' lang='lat' dir='ltr'><strong>non</strong></span> <span class='ocrx_word' id='word_1_107' title='bbox 667 1786 760 1846; x_wconf 74' lang='lat' dir='ltr'><strong>solim</strong></span> <span class='ocrx_word' id='word_1_108' title='bbox 774 1788 804 1845; x_wconf 91' lang='lat' dir='ltr'><strong>in</strong></span> <span class='ocrx_word' id='word_1_109' title='bbox 818 1788 955 1865; x_wconf 90' lang='lat' dir='ltr'><strong>periculis</strong></span> <span class='ocrx_word' id='word_1_110' title='bbox 968 1807 1026 1846; x_wconf 91' lang='lat' dir='ltr'><strong>non</strong></span> <span class='ocrx_word' id='word_1_111' title='bbox 1049 1791 1088 1847; x_wconf 75' lang='lat'><strong>15</strong></span> 
     </span>
     <span class='ocr_line' id='line_1_17' title="bbox 117 1868 1028 1960; baseline 0 -19"><span class='ocrx_word' id='word_1_112' title='bbox 117 1883 258 1956; x_wconf 80' lang='lat' dir='ltr'><strong>defendit,</strong></span> <span class='ocrx_word' id='word_1_113' title='bbox 278 1883 329 1941; x_wconf 89' lang='lat' dir='ltr'><strong>sed</strong></span> <span class='ocrx_word' id='word_1_114' title='bbox 342 1883 432 1942; x_wconf 86' lang='lat' dir='ltr'><strong>etiam</strong></span> <span class='ocrx_word' id='word_1_115' title='bbox 444 1868 579 1960; x_wconf 83' lang='lat' dir='ltr'><strong>prodidit.</strong></span> <span class='ocrx_word' id='word_1_116' title='bbox 621 1882 759 1942; x_wconf 82' lang='lat' dir='ltr'><strong>Concidit</strong></span> <span class='ocrx_word' id='word_1_117' title='bbox 783 1895 880 1942; x_wconf 88' lang='lat' dir='ltr'><strong>autem</strong></span> <span class='ocrx_word' id='word_1_118' title='bbox 902 1882 1028 1941; x_wconf 72' lang='lat' dir='ltr'><strong>maximia</strong></span> 
     </span>
     <span class='ocr_line' id='line_1_18' title="bbox 117 1976 1029 2055; baseline -0.001 -19"><span class='ocrx_word' id='word_1_119' title='bbox 117 1998 177 2037; x_wconf 90' lang='lat' dir='ltr'><strong>nno</strong></span> <span class='ocrx_word' id='word_1_120' title='bbox 186 1978 319 2050; x_wconf 88' lang='lat' dir='ltr'><strong>crimine,</strong></span> <span class='ocrx_word' id='word_1_121' title='bbox 333 1976 523 2055; x_wconf 68' lang='lat' dir='ltr'><strong>quidquam</strong></span> <span class='ocrx_word' id='word_1_122' title='bbox 539 1978 615 2055; x_wconf 89' lang='lat' dir='ltr'><strong>apud</strong></span> <span class='ocrx_word' id='word_1_123' title='bbox 638 1996 706 2035; x_wconf 90' lang='lat' dir='ltr'><strong>eum</strong></span> <span class='ocrx_word' id='word_1_124' title='bbox 720 1996 864 2035; x_wconf 89' lang='lat' dir='ltr'><strong>summum</strong></span> <span class='ocrx_word' id='word_1_125' title='bbox 887 1989 964 2036; x_wconf 88' lang='lat' dir='ltr'><strong>esset</strong></span> <span class='ocrx_word' id='word_1_126' title='bbox 977 1977 1029 2035; x_wconf 90' lang='lat' dir='ltr'><strong>im·</strong></span> 
     </span>
     <span class='ocr_line' id='line_1_19' title="bbox 116 2072 1029 2151; baseline -0.002 -21"><span class='ocrx_word' id='word_1_127' title='bbox 116 2073 230 2151; x_wconf 87' lang='lat' dir='ltr'><strong>perium</strong></span> <span class='ocrx_word' id='word_1_128' title='bbox 242 2073 351 2149; x_wconf 92' lang='lat' dir='ltr'><strong>populi,</strong></span> <span class='ocrx_word' id='word_1_129' title='bbox 365 2084 396 2130; x_wconf 88' lang='lat' dir='ltr'><strong>et</strong></span> <span class='ocrx_word' id='word_1_130' title='bbox 408 2072 596 2145; x_wconf 78' lang='lat' dir='ltr'><strong>Nicanorem,</strong></span> <span class='ocrx_word' id='word_1_131' title='bbox 617 2072 775 2130; x_wconf 85' lang='lat' dir='ltr'><strong>Cassandri</strong></span> <span class='ocrx_word' id='word_1_132' title='bbox 792 2074 970 2148; x_wconf 70' lang='lat' dir='ltr'><strong>prefectum,</strong></span> <span class='ocrx_word' id='word_1_133' title='bbox 986 2072 1029 2129; x_wconf 91' lang='lat' dir='ltr'><strong>in·</strong></span> 
     </span>
     <span class='ocr_line' id='line_1_20' title="bbox 118 2166 1027 2242; baseline -0.002 -16"><span class='ocrx_word' id='word_1_134' title='bbox 118 2168 218 2226; x_wconf 87' lang='lat' dir='ltr'><strong>sidiari</strong></span> <span class='ocrx_word' id='word_1_135' title='bbox 250 2167 343 2225; x_wconf 79' lang='lat' dir='ltr'><strong>Piraeo</strong></span> <span class='ocrx_word' id='word_1_136' title='bbox 363 2167 616 2239; x_wconf 66' lang='lat' dir='ltr'><strong>‘Atheniensium</strong></span> <span class='ocrx_word' id='word_1_137' title='bbox 648 2186 666 2224; x_wconf 88' lang='lat' dir='ltr'><strong>a</strong></span> <span class='ocrx_word' id='word_1_138' title='bbox 691 2166 827 2242; x_wconf 81' lang='lat' dir='ltr'><strong>Dercyllo</strong></span> <span class='ocrx_word' id='word_1_139' title='bbox 853 2179 1027 2240; x_wconf 89' lang='lat' dir='ltr'><strong>moneretur,</strong></span> 
     </span>
     <span class='ocr_line' id='line_1_21' title="bbox 117 2261 1087 2339; baseline -0.001 -18"><span class='ocrx_word' id='word_1_140' title='bbox 117 2263 252 2339; x_wconf 89' lang='lat' dir='ltr'><strong>idemque</strong></span> <span class='ocrx_word' id='word_1_141' title='bbox 261 2263 419 2338; x_wconf 85' lang='lat' dir='ltr'><strong>postularet</strong></span> <span class='ocrx_word' id='word_1_142' title='bbox 433 2274 465 2320; x_wconf 88' lang='lat' dir='ltr'><strong>ut</strong></span> <span class='ocrx_word' id='word_1_143' title='bbox 477 2261 639 2339; x_wconf 84' lang='lat' dir='ltr'><strong>provideret</strong></span> <span class='ocrx_word' id='word_1_144' title='bbox 652 2281 690 2319; x_wconf 93' lang='lat' dir='ltr'><strong>ne</strong></span> <span class='ocrx_word' id='word_1_145' title='bbox 703 2261 912 2320; x_wconf 87' lang='lat' dir='ltr'><strong>commeatibus</strong></span> <span class='ocrx_word' id='word_1_146' title='bbox 925 2261 1027 2320; x_wconf 87' lang='lat' dir='ltr'><strong>civitas</strong></span> <span class='ocrx_word' id='word_1_147' title='bbox 1046 2261 1087 2320; x_wconf 72' lang='lat'><strong>20</strong></span> 
     </span>
     <span class='ocr_line' id='line_1_22' title="bbox 116 2355 1027 2435; baseline 0 -19"><span class='ocrx_word' id='word_1_148' title='bbox 116 2358 285 2435; x_wconf 82' lang='lat' dir='ltr'><strong>privaretur,</strong></span> <span class='ocrx_word' id='word_1_149' title='bbox 297 2356 376 2429; x_wconf 92' lang='lat' dir='ltr'><strong>hnic,</strong></span> <span class='ocrx_word' id='word_1_150' title='bbox 391 2356 528 2416; x_wconf 86' lang='lat' dir='ltr'><strong>audiente</strong></span> <span class='ocrx_word' id='word_1_151' title='bbox 539 2357 654 2432; x_wconf 89' lang='lat' dir='ltr'><strong>populo,</strong></span> <span class='ocrx_word' id='word_1_152' title='bbox 669 2355 800 2415; x_wconf 87' lang='lat' dir='ltr'><strong>Phocion</strong></span> <span class='ocrx_word' id='word_1_153' title='bbox 824 2356 941 2432; x_wconf 81' lang='lat' dir='ltr'><strong>negarit</strong></span> <span class='ocrx_word' id='word_1_154' title='bbox 962 2376 1027 2416; x_wconf 81' lang='lat' dir='ltr'><strong>esse</strong></span> 
     </span>
     <span class='ocr_line' id='line_1_23' title="bbox 116 2451 1024 2529; baseline -0.001 -19"><span class='ocrx_word' id='word_1_155' title='bbox 116 2453 288 2529; x_wconf 88' lang='lat' dir='ltr'><strong>periculum,</strong></span> <span class='ocrx_word' id='word_1_156' title='bbox 302 2470 390 2527; x_wconf 88' lang='lat' dir='ltr'><strong>seque</strong></span> <span class='ocrx_word' id='word_1_157' title='bbox 412 2451 476 2528; x_wconf 89' lang='lat' dir='ltr'><strong>ejus</strong></span> <span class='ocrx_word' id='word_1_158' title='bbox 497 2451 541 2508; x_wconf 82' lang='lat' dir='ltr'><strong>rei</strong></span> <span class='ocrx_word' id='word_1_159' title='bbox 563 2451 694 2509; x_wconf 89' lang='lat' dir='ltr'><strong>obsidem</strong></span> <span class='ocrx_word' id='word_1_160' title='bbox 721 2451 783 2508; x_wconf 89' lang='lat' dir='ltr'><strong>sore</strong></span> <span class='ocrx_word' id='word_1_161' title='bbox 804 2451 950 2527; x_wconf 87' lang='lat' dir='ltr'><strong>pollicitus</strong></span> <span class='ocrx_word' id='word_1_162' title='bbox 970 2464 1024 2511; x_wconf 84' lang='lat' dir='ltr'><strong>est.</strong></span> 
     </span>
    </p>

    <p class='ocr_par' dir='ltr' id='par_1_4' title="bbox 46 2543 1086 3004">
     <span class='ocr_line' id='line_1_24' title="bbox 46 2543 1027 2623; baseline -0.006 -15"><span class='ocrx_word' id='word_1_163' title='bbox 46 2588 51 2599; x_wconf 83' lang='lat'><em>·</em></span> <span class='ocrx_word' id='word_1_164' title='bbox 117 2548 222 2623; x_wconf 85' lang='lat' dir='ltr'><strong>Neque</strong></span> <span class='ocrx_word' id='word_1_165' title='bbox 233 2548 273 2606; x_wconf 89' lang='lat' dir='ltr'><strong>ita</strong></span> <span class='ocrx_word' id='word_1_166' title='bbox 285 2545 376 2605; x_wconf 79' lang='lat' dir='ltr'><strong>multo</strong></span> <span class='ocrx_word' id='word_1_167' title='bbox 398 2543 464 2622; x_wconf 78' lang='lat' dir='ltr'><strong>pdst</strong></span> <span class='ocrx_word' id='word_1_168' title='bbox 484 2545 616 2604; x_wconf 88' lang='lat' dir='ltr'><strong>Nicanor</strong></span> <span class='ocrx_word' id='word_1_169' title='bbox 637 2545 730 2602; x_wconf 83' lang='lat' dir='ltr'><strong>Piraeo</strong></span> <span class='ocrx_word' id='word_1_170' title='bbox 752 2555 797 2604; x_wconf 89' lang='lat' dir='ltr'><strong>est</strong></span> <span class='ocrx_word' id='word_1_171' title='bbox 821 2544 936 2620; x_wconf 90' lang='lat' dir='ltr'><strong>potitus.</strong></span> <span class='ocrx_word' id='word_1_172' title='bbox 978 2546 1027 2602; x_wconf 86' lang='lat' dir='ltr'><strong>Ad</strong></span> 
     </span>
     <span class='ocr_line' id='line_1_25' title="bbox 116 2640 1026 2720; baseline -0.002 -19"><span class='ocrx_word' id='word_1_173' title='bbox 116 2662 203 2720; x_wconf 89' lang='lat' dir='ltr'><strong>quem</strong></span> <span class='ocrx_word' id='word_1_174' title='bbox 216 2642 447 2718; x_wconf 87' lang='lat' dir='ltr'><strong>recuperandum</strong></span> <span class='ocrx_word' id='word_1_175' title='bbox 455 2658 543 2716; x_wconf 90' lang='lat' dir='ltr'><strong>quum</strong></span> <span class='ocrx_word' id='word_1_176' title='bbox 551 2640 673 2718; x_wconf 87' lang='lat' dir='ltr'><strong>populus</strong></span> <span class='ocrx_word' id='word_1_177' title='bbox 685 2651 811 2698; x_wconf 86' lang='lat' dir='ltr'><strong>armatus</strong></span> <span class='ocrx_word' id='word_1_178' title='bbox 821 2640 1026 2714; x_wconf 87' lang='lat' dir='ltr'><strong>concurrisset,</strong></span> 
     </span>
     <span class='ocr_line' id='line_1_26' title="bbox 116 2733 1086 2808; baseline -0.002 -12"><span class='ocrx_word' id='word_1_179' title='bbox 116 2737 167 2796; x_wconf 89' lang='lat' dir='ltr'><strong>ille</strong></span> <span class='ocrx_word' id='word_1_180' title='bbox 180 2755 239 2794; x_wconf 89' lang='lat' dir='ltr'><strong>non</strong></span> <span class='ocrx_word' id='word_1_181' title='bbox 250 2733 336 2794; x_wconf 80' lang='lat' dir='ltr'><strong>modis</strong></span> <span class='ocrx_word' id='word_1_182' title='bbox 348 2735 495 2794; x_wconf 88' lang='lat' dir='ltr'><strong>neminem</strong></span> <span class='ocrx_word' id='word_1_183' title='bbox 510 2736 547 2793; x_wconf 90' lang='lat' dir='ltr'><strong>ad</strong></span> <span class='ocrx_word' id='word_1_184' title='bbox 561 2753 641 2793; x_wconf 85' lang='lat' dir='ltr'><strong>erma</strong></span> <span class='ocrx_word' id='word_1_185' title='bbox 655 2734 776 2808; x_wconf 84' lang='lat' dir='ltr'><strong>vocavit,</strong></span> <span class='ocrx_word' id='word_1_186' title='bbox 797 2736 850 2792; x_wconf 90' lang='lat' dir='ltr'><strong>sed</strong></span> <span class='ocrx_word' id='word_1_187' title='bbox 873 2754 910 2792; x_wconf 88' lang='lat' dir='ltr'><strong>ne</strong></span> <span class='ocrx_word' id='word_1_188' title='bbox 935 2754 1026 2793; x_wconf 85' lang='lat' dir='ltr'><strong>arme-</strong></span> <span class='ocrx_word' id='word_1_189' title='bbox 1045 2737 1086 2794; x_wconf 75' lang='lat'><strong>25</strong></span> 
     </span>
     <span class='ocr_line' id='line_1_27' title="bbox 115 2828 1027 2907; baseline -0.004 -15"><span class='ocrx_word' id='word_1_190' title='bbox 115 2831 284 2907; x_wconf 86' lang='lat' dir='ltr'><strong>tisqnidem</strong></span> <span class='ocrx_word' id='word_1_191' title='bbox 306 2849 430 2907; x_wconf 75' lang='lat' dir='ltr'><strong>preesse</strong></span> <span class='ocrx_word' id='word_1_192' title='bbox 444 2830 541 2891; x_wconf 87' lang='lat' dir='ltr'><strong>voluit.</strong></span> <span class='ocrx_word' id='word_1_193' title='bbox 585 2828 662 2907; x_wconf 89' lang='lat' dir='ltr'><strong>[sine</strong></span> <span class='ocrx_word' id='word_1_194' title='bbox 681 2848 739 2905; x_wconf 88' lang='lat' dir='ltr'><strong>quo</strong></span> <span class='ocrx_word' id='word_1_195' title='bbox 762 2830 888 2888; x_wconf 76' lang='lat' dir='ltr'><strong>Athenae</strong></span> <span class='ocrx_word' id='word_1_196' title='bbox 907 2829 1027 2888; x_wconf 89' lang='lat' dir='ltr'><strong>omnino</strong></span> 
     </span>
     <span class='ocr_line' id='line_1_28' title="bbox 116 2925 413 3004; baseline -0.007 -18"><span class='ocrx_word' id='word_1_197' title='bbox 116 2945 182 2986; x_wconf 84' lang='lat' dir='ltr'><strong>esse</strong></span> <span class='ocrx_word' id='word_1_198' title='bbox 196 2945 255 2986; x_wconf 88' lang='lat' dir='ltr'><strong>non</strong></span> <span class='ocrx_word' id='word_1_199' title='bbox 268 2925 413 3004; x_wconf 76' lang='lat' dir='ltr'><strong>possunt]</strong></span> 
     </span>
    </p>

    <p class='ocr_par' dir='ltr' id='par_1_5' title="bbox 115 3015 1086 3567">
     <span class='ocr_line' id='line_1_29' title="bbox 155 3015 1027 3095; baseline -0.003 -16"><span class='ocrx_word' id='word_1_200' title='bbox 155 3020 215 3079; x_wconf 90' lang='lat'><strong>111.</strong></span> <span class='ocrx_word' id='word_1_201' title='bbox 256 3020 350 3079; x_wconf 84' lang='lat' dir='ltr'><strong>Erant</strong></span> <span class='ocrx_word' id='word_1_202' title='bbox 362 3038 398 3078; x_wconf 84' lang='lat' dir='ltr'><strong>ao</strong></span> <span class='ocrx_word' id='word_1_203' title='bbox 410 3031 541 3095; x_wconf 84' lang='lat' dir='ltr'><strong>tempore</strong></span> <span class='ocrx_word' id='word_1_204' title='bbox 554 3017 680 3078; x_wconf 81' lang='lat' dir='ltr'><strong>Athenis</strong></span> <span class='ocrx_word' id='word_1_205' title='bbox 690 3018 756 3074; x_wconf 75' lang='lat' dir='ltr'><strong>dure</strong></span> <span class='ocrx_word' id='word_1_206' title='bbox 778 3015 938 3087; x_wconf 82' lang='lat' dir='ltr'><strong>sactiones3</strong></span> <span class='ocrx_word' id='word_1_207' title='bbox 959 3037 1027 3093; x_wconf 88' lang='lat' dir='ltr'><strong>qua-</strong></span> 
     </span>
     <span class='ocr_line' id='line_1_30' title="bbox 116 3111 1027 3192; baseline -0.003 -17"><span class='ocrx_word' id='word_1_208' title='bbox 116 3134 181 3176; x_wconf 88' lang='lat' dir='ltr'><strong>rum</strong></span> <span class='ocrx_word' id='word_1_209' title='bbox 194 3135 256 3174; x_wconf 91' lang='lat' dir='ltr'><strong>una</strong></span> <span class='ocrx_word' id='word_1_210' title='bbox 268 3114 366 3192; x_wconf 89' lang='lat' dir='ltr'><strong>populi</strong></span> <span class='ocrx_word' id='word_1_211' title='bbox 379 3132 498 3172; x_wconf 85' lang='lat' dir='ltr'><strong>oausam</strong></span> <span class='ocrx_word' id='word_1_212' title='bbox 521 3114 637 3190; x_wconf 85' lang='lat' dir='ltr'><strong>agebat,</strong></span> <span class='ocrx_word' id='word_1_213' title='bbox 661 3112 752 3171; x_wconf 89' lang='lat' dir='ltr'><strong>altera</strong></span> <span class='ocrx_word' id='word_1_214' title='bbox 770 3111 948 3187; x_wconf 88' lang='lat' dir='ltr'><strong>optimatum.</strong></span> <span class='ocrx_word' id='word_1_215' title='bbox 990 3113 1027 3173; x_wconf 89' lang='lat' dir='ltr'><strong>ln</strong></span> 
     </span>
     <span class='ocr_line' id='line_1_31' title="bbox 116 3207 1086 3270; baseline -0.004 0"><span class='ocrx_word' id='word_1_216' title='bbox 116 3212 174 3270; x_wconf 75' lang='lat' dir='ltr'><strong>hae</strong></span> <span class='ocrx_word' id='word_1_217' title='bbox 200 3221 263 3269; x_wconf 86' lang='lat' dir='ltr'><strong>erat</strong></span> <span class='ocrx_word' id='word_1_218' title='bbox 289 3209 419 3268; x_wconf 90' lang='lat' dir='ltr'><strong>Phocion</strong></span> <span class='ocrx_word' id='word_1_219' title='bbox 446 3220 476 3267; x_wconf 88' lang='lat' dir='ltr'><strong>et</strong></span> <span class='ocrx_word' id='word_1_220' title='bbox 502 3207 668 3266; x_wconf 89' lang='lat' dir='ltr'><strong>Demetrius</strong></span> <span class='ocrx_word' id='word_1_221' title='bbox 694 3207 859 3264; x_wconf 87' lang='lat' dir='ltr'><strong>Phalereus.</strong></span> <span class='ocrx_word' id='word_1_222' title='bbox 915 3207 1026 3266; x_wconf 82' lang='lat' dir='ltr'><strong>Harum</strong></span> <span class='ocrx_word' id='word_1_223' title='bbox 1047 3210 1086 3266; x_wconf 80' lang='lat'><strong>30</strong></span> 
     </span>
     <span class='ocr_line' id='line_1_32' title="bbox 116 3302 1027 3382; baseline -0.003 -18"><span class='ocrx_word' id='word_1_224' title='bbox 116 3319 238 3382; x_wconf 90' lang='lat' dir='ltr'><strong>utraque</strong></span> <span class='ocrx_word' id='word_1_225' title='bbox 252 3304 450 3363; x_wconf 87' lang='lat' dir='ltr'><strong>Macedonum</strong></span> <span class='ocrx_word' id='word_1_226' title='bbox 462 3302 630 3380; x_wconf 86' lang='lat' dir='ltr'><strong>patrociniis</strong></span> <span class='ocrx_word' id='word_1_227' title='bbox 644 3303 798 3361; x_wconf 87' lang='lat' dir='ltr'><strong>nitebatur.</strong></span> <span class='ocrx_word' id='word_1_228' title='bbox 840 3303 918 3360; x_wconf 90' lang='lat' dir='ltr'><strong>Nam</strong></span> <span class='ocrx_word' id='word_1_229' title='bbox 939 3323 1027 3379; x_wconf 93' lang='lat' dir='ltr'><strong>popu·</strong></span> 
     </span>
     <span class='ocr_line' id='line_1_33' title="bbox 115 3396 1028 3477; baseline -0.007 -16"><span class='ocrx_word' id='word_1_230' title='bbox 115 3404 191 3461; x_wconf 85' lang='lat' dir='ltr'><strong>lares</strong></span> <span class='ocrx_word' id='word_1_231' title='bbox 202 3399 440 3477; x_wconf 87' lang='lat' dir='ltr'><strong>Polysperohonti</strong></span> <span class='ocrx_word' id='word_1_232' title='bbox 452 3398 586 3456; x_wconf 83' lang='lat' dir='ltr'><strong>favebant</strong></span> <span class='ocrx_word' id='word_1_233' title='bbox 597 3417 604 3467; x_wconf 94' lang='lat'>;</span> <span class='ocrx_word' id='word_1_234' title='bbox 619 3397 771 3472; x_wconf 88' lang='lat' dir='ltr'><strong>optimates</strong></span> <span class='ocrx_word' id='word_1_235' title='bbox 782 3415 848 3453; x_wconf 92' lang='lat' dir='ltr'><strong>cum</strong></span> <span class='ocrx_word' id='word_1_236' title='bbox 863 3396 1028 3456; x_wconf 87' lang='lat' dir='ltr'><strong>Cassandro</strong></span> 
     </span>
     <span class='ocr_line' id='line_1_34' title="bbox 116 3489 1029 3567; baseline -0.01 -10"><span class='ocrx_word' id='word_1_237' title='bbox 116 3497 290 3557; x_wconf 87' lang='lat' dir='ltr'><strong>sentiebant.</strong></span> <span class='ocrx_word' id='word_1_238' title='bbox 326 3494 447 3553; x_wconf 90' lang='lat' dir='ltr'><strong>Interim</strong></span> <span class='ocrx_word' id='word_1_239' title='bbox 464 3512 481 3550; x_wconf 86' lang='lat' dir='ltr'><strong>a</strong></span> <span class='ocrx_word' id='word_1_240' title='bbox 496 3491 739 3567; x_wconf 82' lang='lat' dir='ltr'><strong>Polysperchonte</strong></span> <span class='ocrx_word' id='word_1_241' title='bbox 757 3489 921 3548; x_wconf 85' lang='lat' dir='ltr'><strong>Cassander</strong></span> <span class='ocrx_word' id='word_1_242' title='bbox 931 3490 1029 3548; x_wconf 86' lang='lat' dir='ltr'><strong>Mace·</strong></span> 
     </span>
    </p>
   </div>
   <div class='ocr_carea' id='block_1_3' title="bbox 315 3588 366 3648">
    <p class='ocr_par' dir='ltr' id='par_1_6' title="bbox 315 3588 366 3648">
     <span class='ocr_line' id='line_1_35' title="bbox 315 3588 366 3648; baseline 0 -26"><span class='ocrx_word' id='word_1_243' title='bbox 315 3588 366 3648; x_wconf 49' lang='grc' dir='ltr'><strong>Θῆ</strong></span> 
     </span>
    </p>
   </div>
   <div class='ocr_carea' id='block_1_4' title="bbox 0 0 1200 4132">
    <p class='ocr_par' dir='ltr' id='par_1_7' title="bbox 0 0 1200 4132">
     <span class='ocr_line' id='line_1_36' title="bbox 0 0 1200 4132; baseline 0 1"><span class='ocrx_word' id='word_1_244' title='bbox 0 0 1200 4132; x_wconf 95' lang='lat' dir='ltr'><strong> </strong></span> 
     </span>
    </p>
   </div>
  </div>
 </body>
</html>
