2392 4132
456 311 684 362 ALCIBIADES.
1045 306 1086 365 Ψ

110 474 230 533 domum
245 474 281 530 ad
296 490 414 530 causam
428 472 584 530 dicendam
598 472 716 545 rediret,
731 486 863 549 essetque
879 473 908 530 in
921 474 1027 551 magni

109 567 328 646 spepnovinciae
345 567 419 625 bene
441 567 696 637 administranda-3
718 587 777 625 non
798 586 899 644 parere
924 568 1027 638 noluit,

109 676 140 723 et
154 664 185 721 in
199 663 327 736 trierem,
342 681 405 737 quae
421 663 457 719 ad
471 682 539 719 eum
553 663 764 739 deportandum
778 674 840 721 erat
864 665 962 735 missa,
984 682 1028 721 as·

110 759 220 817 cendit.
263 758 331 815 Hac
345 757 474 816 Thurios
486 757 516 815 in
526 757 812 834 ltaliampervectus,
825 760 915 816 multa
926 777 1026 816 secum

111 866 249 932 reputans
263 856 300 911 de
315 853 505 912 immoderatis
520 853 627 910 civium
643 872 760 911 suorum
779 853 910 926 licentiis,
925 854 1027 911 crude·
1046 854 1066 911 5

108 949 247 1026 litateque
262 968 331 1025 erga
345 949 467 1020 nobiles,
490 948 676 1006 utilissimum
697 960 786 1021 ratus,
811 948 1027 1025 impendentem

108 1044 218 1102 evitare
239 1055 450 1121 tempestatem,
465 1045 541 1101 clam
555 1063 586 1101 se
602 1063 619 1100 a
633 1044 801 1102 custodibus
827 1045 974 1116 subduxit,
996 1057 1026 1102 et

109 1139 178 1197 inde
192 1137 318 1216 primum
333 1139 459 1212 Elidem,
474 1138 580 1196 deinde
600 1139 721 1197 Thebas
741 1140 829 1198 venit.
871 1141 1025 1216 Postquam

109 1247 206 1295 nutem
222 1254 252 1292 se
267 1234 372 1311 capitis
385 1235 565 1307 damnatum,
577 1234 661 1292 bonis
674 1234 840 1311 publicatis,
852 1234 972 1307 audivit,
987 1248 1025 1307 et,

109 1330 139 1387 id
152 1331 230 1406 quod
245 1350 299 1388 usu
321 1341 450 1401 venerat,
475 1329 664 1406 Eumolpidas
688 1331 854 1407 sacerdotes
878 1349 894 1387 a
918 1330 1024 1406 populo
1046 1332 1084 1390 10

108 1438 237 1498 coactos,
252 1437 285 1483 ut
298 1445 329 1482 se
344 1426 527 1497 devoverent,
542 1424 662 1501 ejusque
676 1425 848 1498 devotionis,
863 1424 920 1502 qud
939 1438 1026 1484 testa·

109 1519 164 1578 tior
178 1531 255 1578 esset
270 1520 418 1593 memoria,
434 1520 608 1596 exemplum,
624 1519 653 1578 in
673 1521 732 1596 pila
752 1521 867 1596 lapidea
889 1521 1024 1593 incisum,

109 1635 172 1673 esse
199 1616 325 1692 positum
350 1616 381 1673 in
408 1616 536 1691 publico,
572 1614 815 1672 Lacedaemonem
843 1615 1023 1691 demigravit.

110 1710 166 1783 lbi,
178 1722 211 1769 ut
225 1712 286 1787 ipse
298 1711 456 1786 praedicare
471 1722 672 1783 consueverat,
694 1730 753 1767 non
779 1709 916 1768 adversius
940 1711 1026 1786 patri-

110 1825 166 1879 am,
181 1809 233 1865 sed
248 1807 381 1866 inimicos
396 1827 462 1865 suos
476 1807 584 1864 bellum
598 1806 698 1883 gessit,
713 1803 791 1882 qubd
816 1806 904 1863 iidem
930 1807 1025 1864 hostes
1050 1809 1085 1866 15

109 1915 207 1962 essent
222 1903 340 1962 civitati.
383 1902 461 1959 Nam
476 1923 565 1978 quum
587 1902 793 1978 intelligerent,
816 1922 847 1960 se
868 1900 1024 1978 plurimdrn

110 2000 245 2074 prodesse
259 2019 343 2076 posse
357 1999 535 2075 reipublicae,
556 2019 593 2056 ex
617 1999 652 2056 ed
676 1998 811 2074 ejecisse,
833 1997 956 2074 pilisque
976 1997 1024 2055 irae

104 2113 178 2167 suae,
198 2092 286 2169 quam
310 2093 427 2152 utilitati
454 2094 602 2152 communi
627 2093 766 2170 paruisse.
809 2092 911 2168 Itaque
939 2094 1026 2168 hujus

109 2189 462 2247 consilioLacedaemonii
487 2209 553 2246 cum
578 2189 732 2246 Persarum
757 2189 842 2264 Rege
867 2188 1024 2246 amicitiam

111 2283 243 2342 fecerunt
252 2305 259 2354 ;
281 2284 387 2342 deinde
401 2285 553 2342 Deceliam
565 2285 595 2341 in
610 2284 712 2343 Attica
737 2284 914 2357 munierunt,
929 2285 1025 2361 praesi·
1043 2286 1084 2343 20

109 2379 214 2455 dicque
228 2392 367 2456 perpetuo
382 2380 422 2436 ibi
436 2381 529 2456 posito
543 2381 573 2437 in
592 2380 743 2438 obsidione
766 2381 900 2437 Athenas
924 2393 1025 2438 tenue·

34 2532 40 2544 ,
110 2487 195 2543 runt;
230 2476 361 2550 ejusdem
388 2476 476 2552 operti
505 2475 618 2533 Ioniam
647 2495 663 2532 a
690 2476 829 2535 societate
861 2487 1026 2534 averterunt

111 2569 357 2629 Atheniensium:
379 2591 436 2647 quo
461 2573 537 2630 lacto
561 2571 652 2629 multb
674 2571 836 2647 superiores
861 2571 936 2629 bello
961 2590 1025 2628 esse

110 2676 270 2741 coeperunt.

149 2759 185 2817 V.
228 2759 332 2837 Neque
348 2759 414 2818 verb
430 2761 474 2820 his
488 2763 574 2820 rebus
599 2775 657 2821 tarn
678 2762 764 2820 amici
787 2763 934 2819 Alcibiadi
958 2773 1025 2820 sunt
1043 2762 1084 2820 25

112 2853 289 2930 lacti-quim
303 2855 405 2915 timore
421 2857 456 2915 ab
471 2877 506 2917 eo
521 2858 646 2915 alienati.
689 2857 767 2915 Nam
782 2876 869 2932 quum
891 2857 1024 2913 acerrimi

111 2947 161 3008 viri
174 2961 360 3027 prestantem
384 2952 567 3029 prudentiam
589 2953 618 3009 in
638 2953 772 3009 omnibus
793 2953 879 3008 rebus
904 2971 1024 3026 cognos-

110 3057 220 3118 cerent,
234 3047 455 3122 pertimuerunt,
470 3068 507 3104 ne
523 3047 642 3104 caritate
657 3046 755 3123 patriae
770 3047 875 3102 ductus
898 3046 1025 3121 aliquan·

75 3175 77 3179 >
111 3139 147 3197 do
161 3141 197 3197 ab
212 3140 282 3217 ipsis
296 3142 481 3215 descisceret,
497 3156 604 3201 etcum
624 3143 683 3200 suis
709 3142 738 3200 in
760 3142 882 3218 gratiam
907 3143 1022 3201 rediret.

111 3232 213 3312 ltaque
227 3248 342 3313 tempus
366 3238 429 3314 ejus
454 3238 648 3296 interficiendi
672 3258 800 3314 quaerere
827 3238 1021 3298 instituerunt.
1043 3239 1083 3297 30

111 3329 310 3391 hlAlcibiadi
332 3333 441 3393 diutius
465 3335 553 3394 celari
580 3355 639 3393 non
663 3334 775 3411 potuit3
797 3346 858 3392 erat
885 3335 964 3392 enim
987 3336 1024 3393 eri

112 3428 283 3504 sagacitate,
292 3440 324 3487 ut
333 3428 428 3505 decipi
439 3448 497 3488 non
509 3442 615 3506 posset,
626 3429 785 3506 presertim
797 3450 885 3504 quum
895 3431 1023 3488 animum

113 3520 282 3584 attendisset
310 3525 346 3582 ad
374 3525 545 3584 cavendum.
587 3524 689 3601 Itaque
718 3526 754 3583 ad
782 3525 1021 3601 Tissaphernem,

311 3620 330 3677 3
341 3619 358 3655 ο
