2392 4132
356 351 389 402 ‘lt
405 350 609 403 POMPONIUS
626 351 788 403 Annuus.
1027 346 1081 405 121

68 486 77 496 ι
114 506 233 581 ducum,
247 510 455 570 mutationibus
468 510 633 586 reipublice
647 511 807 586 perscripta
820 521 897 584 sunt,
912 511 1024 569 utnihil

115 603 208 662 iniis
234 626 293 664 non
321 617 466 681 appareat,
493 617 523 664 et
546 604 632 664 facile
659 605 817 664 existimari
838 605 937 681 possit,
959 625 1024 682 pru-

114 699 243 757 dentiam
270 700 480 775 quodammodo
501 719 565 756 esse
591 698 806 757 divinationem.
848 699 917 757 Non
944 700 1023 757 enim

115 793 220 852 Cicero
246 813 281 851 ea
318 792 421 865 solirm,
448 811 511 868 quae
548 792 612 851 vivo
643 811 674 850 se
712 793 890 867 acciderunt,
928 797 1025 853 futura

114 888 261 963 predixit:
283 888 334 945 sed
361 887 459 960 etiam,
484 905 546 962 quae
574 906 653 944 nunc
679 907 734 944 usu
759 887 887 961 veniunt,
916 889 1063 947 cecinit5

114 994 146 1041 ut
161 994 247 1039 vates.

153 1075 254 1132 XVII.
296 1074 342 1132 De
368 1074 475 1150 pietate
502 1086 598 1133 antem
626 1075 718 1133 Attici
745 1075 813 1152 quid
840 1077 924 1153 plura
946 1097 1023 1136 com·

113 1171 292 1226 memorem?
314 1187 401 1244 quum
416 1169 470 1226 hoc
485 1168 579 1244 ipsum
594 1168 660 1226 rere
685 1170 857 1244 gloriantem
882 1169 1021 1229 audierim

113 1261 143 1318 in
159 1261 259 1320 sunere
273 1263 372 1321 matris
386 1281 455 1335 suae,
469 1281 554 1338 quam
568 1264 671 1321 extulit
692 1284 833 1322 annorum
852 1265 1021 1342 nonaginta,

113 1375 201 1430 quum
215 1369 291 1415 esset
305 1368 414 1433 septem
428 1370 458 1414 et
472 1357 631 1433 sexaginta,
646 1378 674 1415 se
688 1376 832 1434 nunquam
851 1379 913 1416 eam
932 1368 1022 1418 matre
1044 1361 1081 1418 10

112 1451 144 1507 is
167 1453 298 1526 gratiam
324 1453 441 1524 redisse,
473 1471 616 1527 nunquam
654 1473 716 1509 cum
746 1472 841 1511 sorore
866 1453 965 1530 fuisse
991 1456 1023 1512 in

112 1546 265 1620 simultate,
291 1566 377 1622 quam
400 1565 488 1622 prope
523 1548 662 1620 aequalem
690 1533 823 1606 habebat.
863 1548 953 1609 Quod
977 1561 1022 1607 est

111 1641 238 1718 signum,
266 1651 315 1699 aut
340 1642 450 1698 nullam
477 1659 603 1715 unquam
630 1641 705 1699 inter
735 1661 785 1699 eos
813 1642 1021 1716 querimoniam

111 1737 320 1809 intercessisse,
336 1748 386 1794 aut
407 1735 486 1792 hunc
507 1735 542 1792 eti
567 1735 655 1793 fuisse
681 1735 712 1793 in
736 1756 803 1794 suos
829 1733 1020 1813 indulgentiis,
1109 1750 1112 1756 ’

111 1843 153 1904 ut,
167 1850 238 1906 quos
253 1849 349 1888 amare
373 1831 501 1902 deberet,
518 1829 603 1887 irasci
627 1829 670 1888 eis
684 1832 766 1888 nefas
794 1831 920 1889 duceret.
962 1830 1022 1890 Ne·
1043 1832 1081 1889 15

111 1945 167 2000 que
181 1926 210 1982 id
223 1926 292 1984 feeit
305 1925 409 1984 naturis
423 1922 525 1997 solirm,
539 1944 703 2001 quanquam
715 1945 815 1984 omnes
828 1926 857 1983 ei
877 1944 1021 2001 paremus,

111 2022 162 2079 sed
176 2021 264 2079 etiam
275 2020 415 2079 doctrinis.
457 2020 535 2077 Nam
549 2032 578 2079 et
601 2020 765 2096 principum
789 2000 1022 2097 philosophorum

111 2116 152 2175 ita
164 2129 300 2192 percepta
313 2116 414 2174 habuit
426 2127 580 2200 praecepta,
594 2128 626 2173 ut
640 2115 675 2173 iis
698 2117 734 2174 ad
756 2116 843 2174 vitam
868 2118 1021 2192 agendam,

112 2231 170 2269 non
186 2212 222 2268 ad
236 2211 467 2282 ostentationem,
482 2223 618 2269 uteretur.

107 2299 109 2304 ’
151 2303 270 2362 XVIII.
312 2304 404 2363 Moris
418 2304 505 2363 etiam
521 2305 661 2380 majorum
675 2325 805 2364 summus
816 2306 942 2365 imitator
956 2306 1020 2380 fuit,
1040 2304 1080 2364 20

111 2398 345 2475 antiquitatisque
369 2410 495 2458 amator:
526 2418 613 2474 quam
641 2399 713 2457 adeo
741 2401 896 2477 diligenter
920 2401 1022 2458 habuit

110 2493 267 2570 cognitam,
282 2503 314 2550 ut
327 2511 392 2550 eam
406 2504 495 2550 totam
510 2492 538 2549 in
554 2512 589 2549 eo
599 2492 744 2550 volumine
766 2494 940 2569 exposuerit,
965 2514 1021 2569 quo

109 2587 293 2664 magistratus
306 2587 426 2645 ornavit.
468 2586 558 2644 Nulla
571 2586 649 2644 enim
662 2587 720 2659 lex,
733 2607 826 2662 neque
848 2607 914 2664 pax,
927 2609 1021 2664 neque

110 2683 227 2756 bellurn,
242 2702 336 2758 neque
350 2702 395 2740 res
410 2682 528 2740 illustris
538 2693 582 2740 est
595 2682 693 2759 populi
714 2682 852 2755 Romani,
876 2702 939 2758 quae
961 2702 1019 2741 non

110 2778 140 2836 in
168 2797 204 2837 eo
230 2798 282 2836 suo
308 2789 435 2853 tempore
459 2777 497 2836 sit
518 2789 633 2847 notata3
654 2789 694 2850 et,
718 2779 794 2852 quod
819 2778 1019 2835 difficillimum
1039 2778 1079 2837 25

109 2872 173 2945 fuit,
188 2872 231 2930 sic
244 2872 417 2930 familiarum
426 2872 568 2947 originem
582 2872 738 2944 subtexuit,
763 2883 795 2929 ut
815 2891 852 2928 ex
872 2891 908 2930 eo
932 2873 1021 2930 claro·

109 2986 173 3026 rum
201 2969 324 3025 virorum
351 2965 523 3042 propagines
546 2964 689 3041 possimus
710 2983 894 3041 cognoscere.
936 2964 1020 3024 Fecit

109 3063 164 3120 boc
180 3061 257 3118 idern
270 3060 423 3136 separatim
437 3059 468 3116 in
489 3059 552 3116 aliis
576 3057 675 3116 libris:
697 3069 729 3116 ut
750 3057 793 3116 M.
815 3058 898 3117 Bruti
918 3071 1019 3135 rogatu

109 3155 228 3214 Juniam
245 3155 383 3214 familiam
400 3154 519 3230 astirpe
538 3155 574 3211 ad
596 3155 673 3211 hanc
692 3165 806 3212 etatem
824 3154 926 3212 ordine
950 3173 1019 3211 enu-

108 3252 239 3324 meravit,
266 3261 381 3322 notans,
395 3249 455 3325 qui,
476 3269 493 3306 a
513 3269 570 3324 quo
593 3259 682 3322 ortus,
707 3269 778 3324 quos
802 3250 934 3324 honores,
959 3249 1019 3326 qui·
1038 3251 1078 3309 30

109 3347 221 3421 busque
253 3344 440 3421 temporibus,
477 3345 610 3420 cepisset.
664 3343 731 3401 Pari
763 3344 849 3402 modo
886 3343 1020 3402 Marcelli

108 3440 236 3514 Claudii,
264 3439 489 3510 Marcellorum3
525 3437 672 3514 Scipionis
706 3437 845 3511 Cornelii,
878 3450 907 3497 et
933 3436 1019 3496 Fabii

109 3535 241 3610 Maximi,
269 3534 436 3610 Fabiorum,
463 3547 493 3593 et
526 3533 709 3592 AEmiliorum
746 3552 880 3608 quoque:
914 3532 1018 3610 quibus

307 3631 338 3687 ll
