2392 4132
109 364 150 426 ἃ)
491 370 749 426 EPAMINONDAS
802 368 808 381 ⁸

173 533 304 604 fuissent,
319 543 348 590 et
362 533 466 589 diversi
481 533 681 591 discessissent
692 533 808 609 jamque
822 533 921 607 procul
936 531 1077 590 Datames

170 628 299 695 abesset3
321 626 514 700 Mithridates,
528 626 693 702 priusquam
715 627 751 683 ad
772 645 838 683 suos
851 625 1024 700 perveniret,
1039 644 1077 683 ne

168 740 253 796 quam
274 720 467 795 suspicionem
487 732 609 796 pareret,
625 720 655 776 in
669 721 794 777 eundem
805 720 901 777 locum
914 719 1076 792 revertitur,

169 827 253 889 atque
278 815 328 886 ibi,
350 814 401 870 ubi
423 815 512 872 telum
536 825 598 872 erat
621 814 795 890 impositum,
816 814 933 885 resedit,
955 825 988 872 ut
1011 815 1035 870 si
1060 832 1078 870 a

128 908 338 966 dlassitudine
365 920 483 983 cuperet
512 908 714 983 acquiescere3
756 908 965 983 Datamemque
998 927 1078 967 revo-

169 1003 253 1075 cavit,
278 1003 417 1059 simulans
437 1021 468 1060 se
488 1002 625 1077 quiddam
645 1003 675 1059 in
696 1003 837 1078 colloquio
858 1022 922 1060 esse
944 1002 1075 1060 oblitum.

169 1097 289 1155 Interim
300 1098 400 1168 telum,
411 1096 487 1170 quod
496 1097 614 1168 latebat,
625 1096 752 1171 protulit,
764 1096 960 1170 nudatumque
971 1096 1077 1171 vagina

168 1202 246 1249 reste
267 1191 348 1263 texit,
364 1210 398 1248 ac
412 1191 529 1248 Datami
542 1190 670 1248 venienti
684 1190 734 1263 ait,
748 1190 952 1264 digredientem
965 1209 994 1247 sc
1014 1192 1077 1258 anie

168 1285 360 1358 madvertisse,
382 1286 470 1342 locum
490 1284 638 1361 quendam,
659 1284 708 1360 qui
728 1285 834 1342 eratin
855 1296 1023 1359 conspectu,
1037 1284 1079 1342 ad

113 1380 150 1437 10
169 1387 269 1436 castra
284 1378 420 1454 ponenda
436 1398 495 1435 csse
508 1378 645 1436 idoneum.
686 1379 784 1440 Quem
807 1398 895 1453 quum
916 1377 1008 1454 digito
1028 1379 1078 1437 de·

168 1484 349 1544 monstraret,
363 1484 393 1531 et
412 1473 460 1530 ille
474 1472 664 1549 conspiceret,
679 1492 809 1531 aversum
824 1474 898 1531 ferro
917 1473 1076 1532 transfixit:

168 1565 313 1643 priusque,
330 1566 415 1643 quam
436 1568 586 1643 quisquam
605 1579 702 1644 posset
721 1582 901 1640 succurrere,
922 1568 1098 1626 interfecit‘

169 1662 214 1720 Ita
227 1662 279 1735 vir,
300 1664 349 1737 qui
369 1662 473 1720 multos
493 1663 624 1735 consilio,
643 1663 789 1721 neminem
808 1662 929 1739 perfidiis
949 1674 1077 1737 ceperat,

169 1757 302 1816 simulata
316 1769 418 1833 captus
430 1770 475 1817 est
488 1757 624 1816 amiciet.

503 2025 735 2040 m

369 2218 437 2276 XV.
478 2218 880 2279 EPAMINONDAS.

113 2410 151 2466 15
210 2407 235 2464 Ι.
276 2406 508 2482 Epaminondas,
534 2407 675 2483 Polynici
692 2407 790 2484 filius,
817 2408 979 2468 sl'ltebuaus.
1030 2411 1076 2469 De

171 2504 226 2560 hoc
252 2501 418 2576 priusquam
444 2501 614 2574 scribamus,
636 2502 699 2559 haec
726 2502 920 2578 praecipienda
944 2503 1078 2563 videntur

169 2595 334 2667 lectoribus,
348 2614 386 2652 ne
401 2596 510 2654 alienos
529 2615 624 2654 mores
644 2597 680 2653 ad
695 2616 761 2654 suos
779 2598 923 2667 referant;
944 2616 1077 2670 nereca,

169 2708 233 2766 quoe
252 2689 322 2764 ipsis
341 2689 448 2747 leviora
468 2701 545 2762 sunt,
565 2689 628 2765 pari
647 2691 733 2747 modo
753 2692 829 2766 apud
849 2702 969 2749 caeteros
990 2693 1079 2751 fuisse

170 2784 352 2843 arbitrentur.
406 2784 523 2842 Scimus
549 2784 637 2856 enim,
661 2785 793 2847 musicen
820 2787 924 2844 nostris
950 2788 1079 2845 moribus

111 2881 151 2939 20
172 2881 272 2939 abesse
300 2880 336 2937 ab
362 2878 500 2955 principis
526 2879 648 2955 personi
660 2899 667 2949 ;
708 2880 813 2938 saltare
840 2879 907 2938 verd
935 2881 1023 2939 etiarn
1048 2881 1079 2939 iu

171 2975 246 3034 vitiis
256 2975 342 3052 poni:
362 2993 426 3050 quae
438 2975 537 3035 omnia
557 2975 632 3050 apud
652 2975 771 3033 Grecos
792 2986 822 3032 et
841 2986 924 3051 grata
943 2987 973 3033 et
992 2976 1079 3034 laudo

170 3070 259 3146 digna
278 3071 432 3129 ducuntur.
485 3068 588 3130 Quum
610 3081 706 3127 autem
733 3069 894 3144 exprimere
921 3069 1083 3145 imaginem

171 3164 389 3222 consuetudinis
417 3175 501 3238 atque
521 3163 586 3220 vitas
613 3163 735 3220 velimus
761 3163 982 3238 Epaminondae,
1005 3164 1080 3223 nihii

170 3256 300 3315 videmur
320 3257 425 3315 debere
444 3255 672 3333 pretermittere,
691 3255 767 3332 quod
792 3255 938 3332 pertineat
958 3257 994 3314 ad
1014 3276 1081 3319 eam
1104 3252 1109 3261 ’

108 3346 148 3405 25
168 3346 382 3405 declarandam.
421 3346 524 3411 Quare
538 3346 669 3409 dicemus
681 3345 807 3425 primiuu
821 3348 980 3424 degenere
998 3347 1082 3425 ejua;

169 3440 286 3513 deinde,
301 3441 405 3515 quibus
425 3442 587 3520 disciplinis
600 3453 630 3502 et
645 3461 662 3501 a
675 3443 779 3517 quibus
792 3442 830 3502 sit
846 3442 996 3512 eruditus3
1018 3453 1082 3501 tum

169 3535 206 3595 de
226 3535 363 3609 moribus,
378 3535 545 3613 ingeniique
566 3537 761 3612 facultatibus,
775 3549 806 3598 et
823 3537 907 3613 siqua
919 3537 977 3595 elia
990 3536 1083 3615 digne
