2392 4132
101 348 142 413 82
494 354 497 359 ’
525 356 703 406 EUMENES.

160 516 379 576 administravit.
432 516 492 573 Sed
516 515 606 573 exiles
632 534 679 572 res
706 514 796 572 animi
830 515 1071 590 magnitudinem,

160 614 216 672 etsi
230 633 288 671 non
314 612 495 688 frangebant,
521 624 619 671 tamen
643 611 822 669 minuebant,
864 610 954 669 Hunc
977 632 1072 688 perse·

160 727 252 784 quens
267 707 442 783 Antigonus,
457 726 546 782 quum
559 706 640 764 omni
654 725 760 782 genere
775 706 923 782 copiarum
945 707 1072 765 abuuda-

160 813 214 875 ret,
236 801 313 878 saepd
338 802 367 859 iu
393 801 545 860 itineribus
569 803 744 871 vexabatur3
765 820 859 876 neque
883 816 1009 877 unquam
1035 804 1071 859 ad

120 898 279 956 buranum
303 898 443 956 accedere
459 897 585 971 licebat,
607 895 663 954 nisi
687 896 733 954 his
756 896 838 970 locis,
861 897 965 973 quibus
986 897 1072 974 pauci

160 1003 278 1068 possent
291 992 389 1049 multis
408 991 550 1050 resistere.
593 992 652 1048 Sed
674 1002 803 1050 extremo
824 1003 963 1067 tempore,
984 1011 1071 1068 quum

161 1086 283 1144 consilio
296 1087 361 1162 capi
376 1106 434 1144 non
448 1097 554 1162 posset,
568 1086 754 1144 multitudine
778 1086 995 1146 circumventus
1019 1099 1071 1145 est.

107 1180 118 1221 ί
162 1180 242 1238 Hinc
256 1193 364 1253 tamen,
379 1181 476 1238 multis
490 1181 549 1238 ruis
564 1181 686 1254 amissis,
700 1201 732 1238 se
746 1182 901 1258 expedivit,
916 1194 945 1240 et
967 1183 996 1240 in
1011 1202 1073 1241 oas-

161 1276 261 1334 tellum
283 1274 426 1350 Phrygiae,
454 1275 530 1350 quod
555 1274 636 1334 Nora
662 1276 829 1352 appellatur,
854 1277 994 1353 confugit.
1037 1278 1073 1335 In

105 1370 143 1428 to
161 1389 218 1445 quo
231 1388 320 1445 quum
344 1369 615 1442 circumsederetur,
634 1381 664 1428 et
688 1383 843 1441 vereretur,
866 1390 904 1429 ne
928 1393 987 1430 uno
1008 1374 1073 1431 loco

162 1484 284 1522 maneus
310 1483 398 1539 equos
424 1464 563 1522 militares
589 1466 731 1541 perderet,
759 1464 837 1541 qudd
866 1467 988 1542 spatium
1014 1487 1072 1525 non

162 1573 238 1618 esset
260 1558 405 1636 agitandi3
437 1559 574 1616 callidum
597 1559 651 1618 tuit
674 1559 738 1636 ejus
757 1560 916 1633 inventurn,
939 1564 1075 1637 quemad·

162 1656 280 1712 modurn
295 1667 374 1712 stans
387 1655 548 1730 jumentum
564 1655 691 1713 calefieri
701 1656 887 1731 exercerique
901 1669 1007 1732 posset,
1017 1656 1073 1733 qud

162 1748 300 1807 libentibs
314 1761 343 1808 et
357 1750 423 1808 cibo
438 1761 575 1823 uteretur,
590 1762 620 1808 et
634 1768 651 1806 a
665 1749 792 1826 corporis
806 1763 884 1809 motu
899 1771 957 1810 non
983 1771 1075 1810 remo·

106 1846 144 1904 15
164 1857 285 1904 veretur.
328 1845 551 1920 substringebat
565 1856 651 1921 caput
662 1845 723 1903 loro
748 1844 844 1919 altius,
858 1844 945 1922 quam
966 1858 999 1905 ut
1019 1848 1076 1923 pri·

163 1941 261 1999 oribus
284 1940 407 2016 pedibus
428 1937 514 2015 plane
536 1950 642 1997 terram
665 1952 762 2016 posset
786 1940 947 2017 attingere3
969 1941 1076 1999 deinde

162 2033 228 2112 pdst
241 2034 407 2093 verberibus
428 2034 550 2110 cogebat
573 2034 713 2108 exultare,
740 2046 770 2094 et
797 2035 893 2093 calces
918 2036 1074 2095 remittere.

162 2130 226 2194 Qui
237 2144 331 2189 motus
344 2149 403 2188 non
417 2127 515 2187 minias
533 2130 668 2187 sudorem
691 2131 866 2205 excutiebat,
887 2129 1022 2214 quamnsi
1045 2132 1076 2191 in

164 2226 257 2303 spatio
280 2225 455 2282 decurreret.
509 2224 581 2285 Quo
605 2226 714 2282 factum
741 2237 794 2300 est,
833 2228 908 2302 quod
941 2227 1077 2285 omnibus

104 2322 145 2382 20
164 2321 295 2379 mirabile
308 2331 353 2377 est
366 2319 469 2391 visum,
484 2329 516 2377 ut
537 2319 671 2394 jumenta
693 2318 774 2394 aeque
794 2319 887 2378 nitida
907 2340 944 2378 ex
957 2321 1077 2380 castello

165 2416 313 2487 educeret,
327 2432 415 2490 quum
428 2412 591 2488 complures
605 2432 720 2472 menses
741 2414 771 2471 in
790 2412 940 2474 obsidione
964 2416 1076 2490 fuisset,

165 2509 238 2568 acsi
254 2507 556 2580 incampestribusea
577 2507 650 2566 locis
672 2508 828 2568 habuisset.
870 2509 906 2566 In
929 2510 985 2580 bac
1008 2532 1077 2570 con-

164 2604 304 2676 clusione,
319 2603 556 2680 quotiescumque
570 2603 668 2676 voluit,
681 2615 847 2680 apparatum
859 2615 889 2661 et
899 2605 1077 2665 munitiones

165 2698 306 2776 Antigoni
321 2697 392 2756 alids
403 2698 544 2770 incendit,
561 2696 632 2755 alias
647 2697 769 2773 disjecit.
811 2697 929 2758 Tenuit.
939 2712 1035 2759 autem
1046 2722 1077 2760 se

104 2796 146 2856 25
165 2815 224 2855 uno
237 2797 311 2866 loco,
326 2793 463 2870 quamdiu
475 2793 529 2850 luit
543 2793 643 2850 hiems.
685 2793 743 2850 Sed
758 2790 835 2868 quod
857 2807 984 2853 castrum
1007 2798 1075 2855 sub«

165 2891 239 2950 sidia
253 2891 359 2948 habere
373 2907 432 2947 non
444 2899 566 2964 poterat,
577 2899 607 2947 et
614 2908 663 2947 ver
675 2889 929 2966 appropinquabat,
942 2891 1078 2951 simulata

165 2985 323 3058 deditione,
336 2985 405 3041 dum
418 2984 455 3041 de
468 2983 683 3042 conditionibus
697 2994 810 3058 tractat,
825 2986 968 3062 prefectis
993 2988 1078 3046 Anti·

164 3082 233 3160 goni
248 3079 384 3157 imposuit
392 3099 400 3150 ;
422 3098 509 3154 seque
524 3098 558 3137 ac
573 3099 639 3137 suos
652 3099 753 3138 omnes
766 3080 891 3139 extraxit
905 3081 1076 3141 incolumes.

207 3176 260 3233 VI.
303 3175 352 3233 Ad
367 3176 445 3232 hunc
459 3173 621 3250 Olympias,
636 3186 727 3233 mater
749 3194 812 3251 quae
834 3177 927 3234 suerat
949 3177 1078 3235 Alexan·

106 3273 148 3332 80
167 3270 221 3344 dri,
235 3289 323 3345 quum
337 3269 446 3328 litteras
460 3280 488 3327 et
499 3269 616 3327 nuntios
636 3269 761 3327 misisset
775 3269 804 3327 in
826 3270 939 3343 Asiam,
961 3273 1077 3331 eonsul-

167 3379 239 3439 tum,
254 3362 350 3423 utrirm
374 3364 527 3441 repetitum
548 3363 754 3421 Macedoniam
775 3366 886 3423 veniret
912 3365 993 3441 (narn
1014 3376 1076 3425 tum

168 3461 198 3519 in
212 3461 301 3535 Epiro
314 3459 488 3537 habitabat),
502 3471 532 3518 et
545 3479 594 3517 eas
608 3479 655 3518 res
673 3470 840 3535 occuparet,
861 3460 930 3516 huic
952 3460 999 3517 ille
1021 3462 1080 3537 pri-

167 3554 248 3616 mum
261 3553 360 3627 suasit,
375 3573 455 3612 nese
469 3564 606 3628 moveret,
619 3565 650 3613 et
672 3564 848 3631 expectaret,
872 3555 967 3631 quoad
990 3556 1079 3616 Alex·
