2392 4132
588 328 684 378 DION.
714 401 717 407 Ι

216 488 253 547 V.
294 476 451 562 Postquam
478 487 653 546 Corinthum
673 497 805 563 pervenit
825 486 915 559 Dion,
935 496 965 543 et
992 484 1096 544 eddem

175 581 303 660 perfugit
322 582 507 655 Heraclides,
528 583 565 641 ab
586 584 688 641 eodem
716 582 854 658 expulsus
874 581 1027 657 Dionysio,
1048 582 1097 658 qui

175 679 332 756 praelectus
353 679 447 737 fuerat
466 678 698 754 equitum,omni
718 677 830 736 ratione
851 677 959 735 bellum
981 697 1098 754 compa-

177 791 242 832 rare
262 784 422 850 coeperunt.
491 774 550 831 Sed
571 793 631 832 non
651 772 775 832 multbm
795 773 997 850 proficiebant,
1019 771 1097 849 qubd

136 870 158 928 5
177 868 332 927 multorum
344 887 486 927 annorum
497 868 628 944 tyrannis
642 888 815 944 magnarum
828 887 916 944 opum
930 869 1096 945 putabatur.

175 964 276 1027 Quam
289 965 327 1023 ob
340 983 460 1023 causam
473 964 561 1041 pauci
576 965 612 1022 ad
627 964 795 1022 societatem
814 962 937 1038 periculi
957 963 1097 1038 perduce-

176 1060 290 1118 bantur.
353 1061 412 1117 Sed
433 1058 511 1118 Dion
533 1061 624 1131 fretus
645 1079 704 1117 non
726 1070 784 1116 tam
806 1057 866 1116 suis
887 1057 988 1133 copiis,
1010 1054 1097 1131 quam

176 1155 244 1214 odio
263 1155 390 1231 tyranni,
406 1155 533 1213 maximo
554 1154 661 1228 animo,
677 1156 790 1212 duabus
804 1154 944 1212 onerariis
962 1153 1096 1225 navibus,

176 1250 387 1327 qninquaginta
408 1269 549 1309 annorum
571 1249 734 1326 imperium,
762 1249 907 1308 munitum
929 1247 1097 1324 quingentis

120 1347 158 1406 lo
176 1347 271 1426 longis
279 1347 412 1420 navibus,
423 1348 525 1404 decem
537 1346 678 1422 equitum,
688 1359 807 1404 centnm
818 1345 949 1422 peditum
958 1344 1096 1416 millibus,

178 1443 326 1518 proiectus
343 1453 553 1518 oppugnatum,
570 1440 660 1519 (quod
674 1441 810 1499 omnibus
824 1440 960 1517 gentibus
975 1440 1097 1497 admira·

177 1538 235 1596 bile
248 1550 294 1596 est
306 1537 412 1616 visum)
430 1535 503 1595 adeo
519 1536 605 1595 facile
625 1537 759 1613 perculit,
770 1548 802 1595 ut
813 1547 878 1612 post
890 1535 966 1593 diem
979 1535 1096 1593 tertium

175 1632 263 1710 qudm
285 1634 417 1691 Siciliam
439 1633 583 1709 attigerat,
599 1634 759 1709 Syracusas
773 1631 924 1691 introierit.
974 1631 1021 1688 Ex
1041 1651 1097 1706 qno

178 1729 301 1807 intelligi
324 1741 429 1806 potest,
450 1730 562 1788 nullum
583 1749 647 1787 esse
669 1728 821 1805 imperium
843 1739 948 1801 tutum,
969 1727 1027 1784 nisi
1049 1727 1097 1784 be·

120 1826 159 1884 lb
178 1825 343 1884 nevolentid
363 1825 517 1884 munitum.
560 1825 605 1883 Eo
625 1836 754 1900 tempore
769 1825 869 1882 aberat
883 1823 1054 1898 Dionysius,
1068 1834 1098 1881 et

177 1920 207 1978 in
239 1920 326 1978 Italia
358 1921 481 1976 classem
513 1918 727 1995 opperiebatur,
756 1919 998 1993 adversariorum,
1017 1931 1097 1977 ratus

177 2015 325 2072 neminem
346 2014 409 2071 sine
430 2015 545 2091 magnis
566 2014 657 2090 copiis
672 2015 708 2071 ad
730 2035 761 2072 se
776 2025 949 2072 venturum:
971 2033 1035 2089 qnae
1050 2033 1096 2072 res

177 2128 244 2167 enm
265 2108 374 2167 fefellit.
417 2109 496 2167 Nam
518 2109 598 2185 ¹Dion
624 2109 660 2167 iis
685 2109 764 2186 ipsis,
790 2109 840 2185 qui
864 2111 918 2168 sub
941 2109 1097 2168 adversarii

179 2206 294 2264 fuerant
320 2217 472 2281 potestate,
501 2206 596 2282 regios
626 2206 744 2282 spiritus
779 2205 926 2282 repressit,
953 2205 1097 2281 totiusque

117 2300 158 2358 20
177 2301 241 2376 ejus
254 2301 343 2376 partis
359 2301 467 2357 Sicilire
480 2301 589 2376 potitus
604 2313 658 2373 est,
673 2321 737 2376 quae
759 2302 813 2358 snb
826 2313 967 2377 potestate
989 2300 1098 2376 Diony·

177 2396 212 2454 sii
238 2397 347 2465 fuerat3
379 2396 498 2471 parique
526 2397 612 2454 modo
636 2397 717 2454 urbis
745 2398 966 2471 Syracusarum,
994 2408 1098 2473 praeter

174 2472 274 2549 *arcem
290 2502 319 2548 et
333 2490 459 2560 insulam
472 2490 640 2566 adjunctam
651 2493 757 2569 oppido
769 2513 776 2563 3
798 2491 891 2566 ebque
902 2512 964 2549 rem
975 2494 1098 2569 perdux·

178 2587 210 2658 it,
222 2597 254 2644 ut
268 2586 374 2644 talibus
388 2586 572 2662 pactionibus
585 2607 687 2662 pacem
710 2599 851 2662 tyrannus
872 2587 968 2644 facere
989 2588 1076 2647 vellet
1091 2608 1098 2646 :

179 2682 313 2738 Siciliam
327 2681 412 2738 Dion
425 2682 574 2758 obtineret,
589 2682 711 2738 Italiam
731 2681 909 2756 Dionysias,
930 2682 1099 2756 Syracusas

117 2779 159 2837 25
179 2777 391 2854 Apollocrates,
406 2776 456 2832 cui
467 2775 624 2833 maximam
636 2777 724 2834 fidem
737 2776 790 2833 uni
804 2776 938 2834 babebat.

218 2871 271 2931 VI.
313 2873 377 2929 Has
392 2882 450 2930 tam
461 2891 614 2947 prosperas
628 2883 744 2947 tamque
759 2871 924 2949 inopinatas
938 2891 984 2930 res
998 2892 1100 2932 conse·

178 2981 247 3028 cuta
260 2980 304 3027 est
318 2969 415 3027 subita
428 2968 626 3042 commutatio,
639 2967 716 3045 quod
732 2962 847 3028 fortuna
861 2968 914 3027 sud
927 2969 1098 3042 mobilitate,

178 3085 264 3142 quem
278 3064 365 3141 pauld
381 3064 449 3123 ante
464 3064 615 3139 extulerat,
630 3067 800 3143 demergere
814 3077 859 3124 est
873 3067 981 3123 adorta.
1038 3066 1099 3124 Pri·

178 3157 259 3217 miim
287 3161 317 3216 in
345 3161 415 3233 filio,
440 3162 476 3218 de
499 3180 558 3236 quo
582 3161 806 3218 commemorari
834 3157 931 3235 suprd,
958 3160 1099 3218 saevitiam

119 3256 161 3314 30
180 3273 263 3313 suam
290 3256 430 3315 exercuit.
471 3254 550 3314 Nam
577 3276 666 3331 quum
691 3274 809 3314 uxorem
836 3255 1009 3324 reduxisset,
1035 3275 1099 3330 qnae

50 3338 52 3343 ¹
180 3349 230 3408 ulii
250 3351 344 3408 fuerat
363 3352 479 3425 tradita,
494 3352 641 3426 filiumque
656 3351 742 3409 vellet
755 3369 890 3409 revocare
913 3349 949 3406 ad
964 3349 1099 3408 virtutem

181 3444 331 3522 aperditd
351 3446 477 3520 luxurii,
498 3447 613 3524 accepit
639 3447 840 3524 gravissimum
867 3464 973 3522 parens
994 3444 1100 3503 vulnus

180 3551 273 3600 morte
286 3538 347 3600 filii.
402 3541 518 3601 Deinde
532 3554 596 3602 orta
609 3543 753 3602 dissensio
766 3553 810 3601 est
824 3541 899 3600 inter
913 3560 980 3599 eum
995 3553 1024 3600 et
1039 3541 1100 3598 lle·
