2392 4132
130 346 186 405 1⁰6
543 354 739 405 HANNIBAL.

185 510 244 570 imo
258 512 352 569 littore
364 521 448 568 erant
461 511 610 568 collocata.
653 513 787 589 Reliqua
801 513 987 590 Pergamenae
1007 533 1097 572 naves

185 625 272 681 quum
288 604 464 661 adversarios
481 619 647 680 premerent
661 605 768 681 aorids,
782 606 901 684 repente
916 609 1010 666 ineas
1029 627 1099 666 vasa

182 699 294 769 fictilia,
318 699 354 754 de
378 698 483 773 quibus
511 698 599 776 supra
625 703 803 761 mentionem
831 703 961 775 fecimus,
989 701 1098 778 conjici

185 803 281 867 ooepta
295 805 370 851 sunt.
412 793 490 856 Quae
503 795 582 872 jacta
599 795 682 856 initio
696 798 783 856 risum
804 798 1000 875 pugnantibus
1019 795 1099 854 exci-

143 887 165 943 5
184 885 293 960 ttrunt,
308 907 374 961 nec,
388 909 477 964 quare
491 891 521 949 id
535 891 627 965 fieret,
641 905 753 970 poterat
770 892 901 969 intelligi.
942 892 1098 966 Postquam

99 1014 102 1023 ι
184 992 282 1039 autem
303 1004 392 1042 naves
412 988 571 1063 completas
591 1001 803 1064 conspexerunt
817 987 1008 1063 serpentibus,
1022 986 1099 1044 nord

183 1095 215 1133 re
228 1081 382 1153 perterriti,
396 1100 496 1155 quum,
510 1081 580 1155 quid
597 1078 778 1155 potissimum
793 1082 926 1151 vitarent,
941 1101 1000 1138 non
1022 1080 1100 1137 ride-

183 1183 259 1245 rent,
286 1193 396 1248 puppes
423 1182 597 1242 averterunt,
618 1190 705 1242 seque
726 1169 762 1222 ad
781 1185 834 1220 sna
854 1181 951 1224 castra
979 1176 1100 1233 nautica

182 1264 350 1321 retulerunt.
392 1264 442 1319 Sic
457 1262 604 1319 Hannibal
618 1260 738 1316 consilio
755 1274 835 1333 arma
848 1256 1099 1333 Pergamenorum

123 1356 163 1413 ll)
181 1356 343 1430 superavit:
364 1373 458 1428 neque
472 1365 533 1410 tum
547 1348 650 1422 solnm,
664 1350 717 1408 sed
731 1348 807 1426 saepe
824 1348 896 1409 alias
911 1352 1097 1428 pedestribus

182 1449 273 1525 copiis
285 1448 347 1524 pari
360 1447 514 1523 prudentia
527 1443 637 1521 pepulit
651 1445 837 1504 adversarios.

223 1543 295 1600 XII.
336 1542 412 1603 Qum
429 1541 497 1596 dum
519 1539 549 1595 in
564 1539 638 1596 Asici
659 1552 810 1616 geruntur,
833 1541 940 1599 accidit
958 1561 1037 1615 casu,
1060 1559 1093 1604 ut

182 1639 272 1715 legati
297 1637 404 1696 Prusiae
428 1634 531 1692 Romae
554 1637 630 1710 apud
652 1636 686 1693 L.
707 1636 864 1697 Quintium
886 1636 1092 1710 Flamininum,

183 1734 382 1803 Consularem,
399 1741 558 1802 coenarent,
573 1744 659 1805 atque
681 1730 731 1803 ibi,
746 1730 782 1788 de
804 1730 971 1789 Hannibale
992 1733 1095 1790 menti-

125 1830 164 1887 15
182 1848 238 1887 one
262 1826 348 1897 facti,
370 1844 406 1882 ex
427 1824 472 1881 his
496 1844 572 1881 unus
592 1826 712 1898 diceret,
733 1844 800 1882 eum
821 1825 849 1882 in
872 1825 982 1883 Prusia
1003 1846 1095 1903 regno

182 1940 254 1978 csse.
295 1919 331 1976 Id
342 1930 455 1995 postero
467 1919 514 1976 die
524 1919 706 1977 Flamininus
718 1919 832 1977 senatui
846 1920 957 1979 detulit
992 1920 1096 1979 Patres

182 2013 348 2089 conscripti,
365 2013 424 2089 qni,
447 2013 615 2072 Hannibale
634 2014 709 2086 vivo,
723 2033 872 2089 nunquam
892 2035 923 2073 se
943 2015 1008 2073 sine
1028 2016 1096 2074 insi-

182 2110 239 2169 diis
253 2111 363 2168 suturos
377 2110 591 2183 existimabant,
601 2111 712 2186 legatos
723 2111 754 2166 in
763 2111 930 2186 Bithyniam
945 2110 1096 2185 miserunt,

183 2206 213 2271 in
225 2205 270 2263 his
278 2205 485 2278 Flamininum,
494 2205 544 2280 qui
556 2225 649 2280 arege
659 2216 801 2281 peterent,
813 2224 850 2262 ne
862 2205 1096 2264 inimicissimum

48 2332 54 2338 ·
122 2301 163 2359 tto
183 2318 267 2357 suum
294 2318 393 2356 secum
422 2301 551 2371 haberet,
572 2299 684 2373 sibique
712 2300 839 2357 dederet.
895 2299 952 2356 His
978 2299 1096 2359 Prusias

181 2413 289 2468 negare
310 2413 397 2451 ansus
418 2413 477 2452 non
497 2405 541 2451 est
552 2413 559 2463 ;
582 2393 653 2450 illud
674 2393 828 2460 recusavit,
850 2413 888 2450 ne
903 2394 931 2450 id
949 2413 967 2451 a
987 2414 1018 2452 se
1032 2395 1094 2453 lieri

181 2490 368 2565 postularent,
389 2490 466 2565 quod
486 2485 624 2546 adversbs
642 2488 690 2570 jus
711 2489 828 2565 hospitii
848 2501 946 2558 esset3
981 2489 1047 2566 ipsi,
1067 2490 1093 2549 si

181 2595 307 2660 possent,
330 2586 625 2661 comprehenderent;
647 2585 754 2656 locum,
769 2583 819 2640 ubi
842 2593 928 2654 esset,
944 2583 1030 2641 facile
1052 2585 1096 2643 in·

182 2690 325 2737 venturos.
367 2679 516 2735 Hannibal
531 2677 608 2735 enim
625 2697 684 2735 uno
697 2679 762 2734 loco
784 2696 815 2733 se
839 2677 956 2734 tenebat
981 2679 1012 2736 in
1034 2700 1096 2739 oas-

121 2773 163 2832 25
182 2774 260 2845 tello,
280 2773 357 2848 quod
377 2772 405 2830 ei
426 2773 462 2828 ab
483 2791 552 2847 rege
573 2772 672 2828 datum
692 2783 755 2829 erat
775 2770 906 2827 muneri:
942 2771 1029 2848 idque
1053 2776 1095 2834 sic

183 2868 349 2940 aedifictirat,
366 2879 398 2925 ut
419 2867 449 2924 in
468 2866 603 2924 omnibus
622 2865 752 2941 partibus
773 2866 888 2923 aedilicii
909 2868 1019 2925 exitum
1040 2871 1096 2928 sibi

183 2966 311 3036 haberet,
332 2982 444 3039 semper
465 2981 577 3034 verens,
598 2981 635 3018 ne
656 2980 711 3018 usu
733 2960 853 3034 veniret,
874 2963 951 3036 quod
977 2965 1093 3023 accidit.

183 3060 252 3118 Huc
266 3078 354 3135 quum
367 3057 456 3133 legati
472 3058 673 3115 Romanorum
687 3055 845 3128 venissent,
861 3075 895 3113 ac
909 3057 1095 3117 multitudine

182 3157 298 3213 domum
318 3153 380 3228 ejus
394 3151 664 3222 circumdedissent,
678 3170 749 3226 puer
763 3151 800 3207 ab
812 3151 902 3226 janui
915 3151 1095 3227 prospiciens

122 3251 164 3309 8⁰
184 3247 345 3305 Hannibali
366 3247 448 3318 dixit,
462 3247 559 3321 plnres
580 3256 682 3320 praeter
703 3245 944 3303 consuetudinem
970 3261 1095 3306 armatos

184 3361 329 3417 apparere.
370 3342 433 3403 Qui
460 3341 610 3416 imperavit
636 3340 673 3413 ei,
696 3353 727 3398 ut
752 3360 854 3398 omnes
881 3342 956 3399 sores
977 3343 1094 3400 aedificii

183 3436 359 3507 circumiret,
386 3455 419 3493 ac
446 3435 566 3511 propere
594 3434 649 3492 sibi
676 3435 865 3507 renuntiaret,
894 3454 964 3492 num
991 3437 1093 3495 eodem

184 3532 269 3588 modo
284 3531 411 3608 undique
424 3531 612 3591 obsideretur.
654 3529 730 3590 Puer
756 3548 843 3605 quum
868 3531 1011 3604 celeriter,
1024 3531 1093 3609 quid
