2392 4132
464 312 647 363 parumne.
1039 308 1081 367 55

110 491 196 546 quam
224 470 355 529 incolunt
382 471 547 546 Leucosyri.
598 472 738 530 Datames
764 473 887 532 militare
914 492 1020 531 munus

110 569 244 643 fungens,
272 565 407 642 primirm,
430 567 523 640 qualis
547 578 633 638 esset,
662 567 774 642 aperuit
792 568 822 624 in
843 568 928 639 bello,
943 568 1019 642 quod

110 661 178 719 Rex
205 659 343 719 adsersirs
370 660 514 717 Cadusios
540 660 638 736 gessit.
689 661 824 736 Namque
851 660 900 719 hic
921 661 1020 719 multis

111 756 237 813 millibus
264 754 426 830 Regiorum
453 753 624 826 interfectis,
639 757 736 830 magni
764 757 819 814 suit
844 757 910 832 ejus
922 768 1019 832 opera

109 850 179 912 Quo
201 852 310 908 sactum
332 861 386 921 est,
410 860 452 921 ut,
473 868 562 923 quum
586 849 671 919 ineo
693 851 767 907 bello
786 850 941 909 cecidisset
964 851 1061 909 (la-5

110 945 254 1016 missares,
268 955 389 1020 paterna
402 943 430 1000 ei
443 944 604 1001 traderetur
617 944 773 1019 provincia.

148 1037 190 1095 ΙΙ.
232 1039 300 1095 Pari
313 1057 345 1095 se
360 1037 464 1096 virtute
475 1049 575 1113 postea
594 1039 726 1114 praebuit,
751 1058 840 1114 quum
859 1041 1022 1116 Autophra-

110 1133 192 1191 dates
202 1133 285 1208 jussu
299 1132 393 1208 Regis
406 1133 482 1190 bello
489 1145 708 1208 persequeretur
716 1153 776 1206 eos,
785 1134 834 1209 qui
845 1134 1020 1193 defecerant.

110 1227 243 1304 Namque
257 1227 320 1304 ejus
333 1227 421 1303 operti
434 1229 541 1300 hostes,
556 1246 644 1303 quum
658 1240 753 1286 castra
773 1229 834 1304 jam
855 1228 1020 1302 intrassent,

109 1322 254 1399 profligati
267 1333 345 1395 sunt,
360 1322 560 1396 exercitusque
575 1323 701 1398 reliquus
721 1336 907 1382 conservatus
926 1324 1020 1400 Regis
1042 1323 1080 1383 lu

110 1429 169 1476 est:
190 1417 248 1492 qua
258 1436 295 1474 ex
308 1437 340 1474 re
354 1416 511 1492 majoribus
524 1417 611 1474 rebus
624 1436 747 1493 praeesse
762 1419 858 1494 coepit.
900 1418 972 1477 Erat
985 1438 1021 1478 eo

110 1522 238 1587 tempore
253 1510 357 1586 Thyus
379 1512 515 1586 dynastes
538 1511 744 1587 Paphlagoniae
771 1514 889 1588 antiquo
912 1534 1020 1589 genere

111 1617 195 1664 natus
209 1625 226 1662 a
240 1607 404 1681 Pylaemene
418 1605 477 1678 illo,
492 1625 578 1680 quem
602 1605 747 1663 Homerus
772 1607 882 1665 Troico
905 1608 981 1665 bello
1004 1628 1021 1665 a

110 1700 243 1758 Patroclo
271 1701 455 1758 interfectum
482 1700 530 1757 ait.
555 1700 603 1757 .Is
627 1700 705 1775 Regi
728 1700 807 1758 dicto
826 1702 947 1758 audiens
961 1722 1020 1760 non

110 1807 190 1853 erat:
212 1815 298 1871 quam
319 1796 357 1853 ob
379 1814 498 1853 causam
520 1795 596 1852 bello
619 1814 686 1852 eum
708 1796 841 1871 persequi
860 1796 1019 1870 constituit,
1042 1799 1080 1856 15

110 1889 193 1965 eique
218 1889 260 1948 rei
281 1889 411 1966 praefecit
432 1890 596 1962 Datamem,
611 1890 803 1965 propinquum
825 1891 1019 1967 Paphlagonis

112 1985 250 2063 (namque
277 2005 314 2042 ex
340 1986 426 2043 sratre
453 1997 483 2043 et
501 2004 596 2042 sorore
617 1995 700 2043 erant
721 1985 806 2063 nati).
859 1986 959 2047 Quam
983 1987 1021 2044 ob

110 2098 229 2139 causam
243 2079 381 2137 Datames
395 2079 494 2137 omnia
507 2077 632 2155 primd'm
646 2079 769 2155 experiri
784 2081 882 2152 voluit,
904 2093 937 2138 ut
958 2082 1021 2138 sine

110 2175 197 2232 armis
222 2174 414 2251 propinquum
441 2175 478 2231 ad
504 2174 631 2231 officium
658 2175 818 2232 reduceret.
860 2175 909 2232 Ad
936 2195 1021 2250 quem

109 2290 197 2346 quum
212 2269 337 2328 venisset
350 2269 413 2327 sine
427 2268 571 2346 praesidio,
585 2267 663 2344 qubd
679 2269 715 2325 ab
729 2269 823 2326 amico
836 2271 931 2326 nullas
942 2289 1021 2326 vere·
1039 2270 1081 2327 20

109 2376 187 2423 retur
211 2364 341 2431 insidias,
373 2362 449 2441 pene
472 2363 589 2421 interiit.
630 2363 708 2422 Nam
733 2364 838 2440 Thyus
857 2385 923 2422 eum
945 2366 1021 2422 clam

110 2459 272 2518 interficere
283 2458 380 2516 voluit.
422 2457 493 2515 Erat
501 2469 593 2515 mater
604 2477 671 2514 cum
680 2458 815 2530 Datame,
825 2459 913 2517 amita
922 2459 1016 2534 Paph-

11 2548 15 2552 ’
109 2553 242 2630 lagonis·
272 2552 326 2624 Ea,
349 2551 418 2626 quid
438 2563 580 2627 ageretur,
598 2552 706 2623 resciit,
728 2552 875 2626 filiumque
899 2553 1020 2610 monuit.

110 2646 164 2705 Ille
179 2647 248 2724 suga
271 2647 432 2723 periculum
454 2645 580 2718 evitavit,
607 2646 771 2721 bellumque
796 2646 901 2704 indixit
923 2646 1018 2722 Thyo.

109 2742 146 2801 ln
160 2762 226 2818 quo,
237 2761 325 2817 quum
340 2742 376 2798 ab
391 2741 602 2813 Ariobarzane,
616 2742 752 2816 prefecto
775 2741 875 2816 Lydiae
890 2754 919 2798 et
928 2741 1019 2798 Ioniae
1039 2741 1080 2798 25

108 2837 252 2912 totiusque
278 2836 422 2912 Phrygiae,
450 2837 580 2894 desertus
602 2847 688 2906 esset,
711 2835 802 2893 nihilo
824 2832 943 2910 segnids
958 2853 1021 2909 per·

108 2930 260 3002 severarit,
274 2930 426 3005 virumque
437 2929 556 3006 Thyum
570 2928 648 3003 cepit
661 2948 728 2985 cum
742 2947 831 2985 uxore
845 2938 874 2984 et
890 2927 997 2984 liberis.

148 3025 206 3082 111.
249 3024 342 3101 Cujus
355 3025 425 3083 facti
438 3044 476 3082 ne
489 3021 570 3100 priirs
581 3023 700 3105 famaad
713 3021 838 3096 Regem,
850 3019 936 3096 quarn
947 3021 1020 3096 ipse,

107 3120 281 3197 perveniret,
296 3119 376 3178 dedit
388 3138 514 3195 operam.
556 3118 658 3192 Itaque
679 3117 814 3174 omnibus
836 3115 947 3187 insciis,
972 3114 1019 3189 ed,

108 3215 158 3272 nbi
176 3226 240 3285 erat
264 3214 341 3286 Rex,
351 3215 444 3284 venit;
464 3225 633 3290 posteroque
655 3213 702 3270 die
724 3212 853 3286 Thyum,
875 3211 1021 3268 hominem
1041 3213 1081 3271 3⁰

108 3310 227 3368 maximi
241 3309 379 3385 corporis,
391 3308 568 3383 terribilique
580 3307 664 3380 facie,
676 3305 753 3383 qudd
763 3318 792 3363 et
803 3306 885 3381 niger
894 3319 923 3363 et
932 3305 1021 3380 capil-

39 3460 64 3469 ..
107 3404 136 3465 lo
160 3406 249 3482 longo
276 3404 421 3479 barbaque
448 3413 511 3461 erat
536 3401 686 3478 promissa,
710 3399 819 3475 optinui
842 3411 920 3457 veste
940 3399 1022 3470 texit,

108 3519 193 3577 quarn
214 3510 337 3575 satrape
361 3497 451 3575 Regii
473 3515 574 3574 gerere
598 3500 829 3565 consueverant;
850 3493 1020 3567 ornavitque
