2392 4132
110 339 146 397 u
368 320 371 325 ’
403 385 409 398 ,
481 339 768 395 sannrssoeans.
824 374 833 389 a

166 506 298 579 Grecie,
324 505 395 564 utile
418 517 503 563 esset.
543 504 647 567 Quare
669 503 695 562 si
718 523 786 563 suos
812 504 924 580 legatos
950 502 1082 580 recipere

166 605 283 676 vellent,
308 622 380 678 quos
404 603 538 661 Athenas
561 601 710 674 miserant,
729 621 761 658 se
782 601 973 673 remitterent,
998 600 1083 659 aliter

166 699 230 758 illos
244 718 393 773 nunquam
408 698 439 756 in
452 698 576 775 patriam
589 697 754 773 recepturi.'

206 794 293 852 VIII.
335 795 451 852 Tamen
466 815 523 853 non
538 793 640 870 effugit
662 793 770 851 civium
792 811 910 851 suorum
931 791 1081 851 invidiam.

125 894 147 951 ὅ
166 891 301 967 Namque
315 892 353 950 ob
366 892 493 950 eundem
506 890 650 963 timorem,
671 909 729 965 quo
752 891 907 948 damnatus
931 898 994 947 erat
1014 887 1084 945 Mil·

165 988 269 1061 tiades,
284 1001 424 1047 testarum
448 988 593 1063 suffragiis
607 1006 624 1044 e
646 986 763 1046 civitate
777 987 899 1062 ejectus,
914 989 1010 1064 Argos
1032 991 1083 1046 ha·

166 1085 288 1143 hitatum
312 1084 466 1142 concessit.
508 1082 568 1140 Hic
590 1102 679 1159 quum
697 1095 812 1158 propter
836 1085 950 1154 multas,
963 1086 1083 1144 virtutes

165 1180 272 1255 magna
299 1199 368 1237 cum
394 1179 535 1255 dignitate
571 1179 689 1251 viveret,
723 1178 941 1238 Lacedaemonii
972 1182 1083 1258 legatos

167 1276 300 1335 Athenas
314 1276 465 1347 miserunt,
479 1275 529 1351 qni
540 1294 608 1332 eum
630 1275 780 1333 absentem
799 1289 983 1351 accusarent,
1004 1277 1083 1354 quod

72 1399 74 1404 ·
110 1373 147 1432 1⁰
166 1371 336 1430 societatem
350 1390 419 1428 cum
432 1371 519 1446 Rege
534 1370 688 1428 Persarum
710 1372 747 1428 ad
760 1372 906 1429 Graeciam
920 1374 1083 1449 opprimen-
1104 1362 1111 1377 ‘

167 1469 235 1525 dam
262 1467 387 1525 fecisset.
443 1466 510 1525 Hoc
545 1466 679 1526 crimine.
704 1468 810 1526 absens
840 1469 1012 1544 proditionis
1039 1483 1083 1530 est

167 1563 331 1620 damnatus.
373 1561 408 1619 Id
436 1573 469 1620 ut
496 1561 616 1635 audivit,
643 1559 722 1638 quod
749 1583 808 1621 non
836 1562 906 1623 satis
933 1577 1028 1623 tutum
1051 1586 1083 1624 se

167 1660 257 1736 Argis
278 1659 405 1731 videbat,
428 1659 587 1734 Corcyram
609 1659 791 1736 demigravit.
833 1659 880 1717 lbi
904 1680 993 1736 quum
1019 1662 1083 1737 ejus

166 1757 314 1832 principes
328 1755 453 1814 civitatis
468 1755 718 1815 animadvertisset
731 1757 844 1829 timere,
859 1776 897 1814 ne
915 1769 1031 1833 propter
1051 1777 1083 1815 se

111 1853 149 1909 15
169 1848 277 1910 bellum
291 1852 337 1910 his
352 1850 569 1910 Lacedaemonii
582 1863 613 1908 et
626 1850 824 1909 Athenienses
842 1852 1025 1924 indicerent;
1047 1855 1083 1912 ad

169 1949 339 2019 Admetum,
359 1946 552 2006 Molossorum
572 1963 682 2020 regern,
706 1963 775 2002 cum
796 1964 854 2019 quo
874 1947 903 2003 ei
927 1949 1083 2022 hospitium

170 2045 272 2116 fuerat,
287 2044 427 2120 confugit.
469 2043 539 2100 Huc
557 2060 647 2118 quum
668 2040 804 2114 venisset,
824 2052 854 2098 et
875 2041 905 2099 iu
929 2045 1085 2118 praesentia

168 2159 220 2198 rex
235 2141 367 2209 abesset3
389 2138 446 2215 quo
464 2139 572 2215 majore
586 2138 726 2219 religione
740 2157 772 2196 se
783 2149 931 2215 receptum
943 2151 1083 2213 tueretur,

168 2236 258 2293 filiam
272 2236 335 2312 ejus
348 2236 498 2310 parvulam
513 2235 643 2311 arripuit,
657 2248 688 2294 et
701 2253 768 2293 cum
781 2235 817 2293 eri
828 2254 859 2292 se
871 2235 902 2293 in
912 2235 1084 2310 sacrarium,

108 2331 150 2390 Q)
169 2333 246 2407 quod
260 2331 374 2388 summa
388 2330 537 2388 colebatur
547 2331 732 2405 ceremonia,
744 2331 879 2407 conjecit.
921 2331 995 2389 Inde
1004 2330 1084 2407 prius

168 2446 303 2503 egressus
317 2445 376 2484 non
390 2441 444 2498 est,
459 2424 546 2501 quhm
570 2445 622 2484 rex
635 2445 703 2483 eum
728 2427 797 2484 data
820 2427 923 2486 dextra
947 2429 978 2485 in
997 2429 1084 2486 fidem

167 2523 331 2599 reciperet:
352 2540 439 2599 quarn
452 2521 593 2598 prostitit.
636 2521 715 2580 Nam
732 2542 823 2598 quum
845 2525 883 2580 ab
897 2524 1085 2583 Atheniensi·

168 2621 223 2678 hus
243 2631 272 2678 et
291 2617 524 2677 Lacedaemoniis
545 2630 750 2693 exposceretur
773 2617 902 2693 publice,
923 2621 1084 2694 supplic-ern

168 2736 227 2776 non
241 2715 377 2793 prodidit,
393 2713 572 2789 monuitque,
594 2718 643 2771 ‘ut
664 2714 829 2772 consuleret
849 2714 914 2770 sibi.
957 2715 1085 2775 Difficile

108 2815 150 2874 25
169 2814 249 2873 enim
272 2831 346 2884 esse,
371 2811 401 2868 in
429 2821 488 2868 tarn
509 2809 670 2886 propinquo
694 2810 758 2867 loco
782 2807 845 2867 tuto
863 2828 932 2867 eum
956 2814 1083 2871 versari!
1176 2848 1180 2856 ·

168 2910 272 2989 Itaque
286 2908 419 2986 Pydnam
433 2926 500 2965 eum
514 2906 622 2965 deduci
641 2905 737 2984 jussit,
759 2918 798 2980 et,
820 2908 897 2983 quod
919 2906 990 2967 satis
1009 2921 1086 2968 esset

166 2994 306 3087 presidii,
321 3006 409 3066 dedit.
452 3003 557 3063 Hicin
570 3023 675 3063 navem
688 3003 824 3063 omnibus
848 3004 964 3080 ignotus
986 3023 1086 3063 ascen·

168 3105 220 3162 dit.
261 3105 338 3166 Quae
353 3121 441 3180 quum
463 3112 635 3178 tempestate
659 3101 787 3158 maxima
810 3098 928 3158 Naxum
954 3102 1085 3174 ferretur,

169 3200 221 3257 uhi
234 3211 297 3258 tum
312 3198 538 3272 Atheniensium
550 3208 613 3256 erat
626 3197 772 3255 exercitus
784 3217 791 3267 ;
814 3197 905 3254 sensit
919 3197 1086 3256 Themisto·

111 3296 152 3357 80
171 3296 242 3368 cles,
257 3295 282 3353 si
296 3293 332 3352 eh
345 3295 534 3371 pervenisset,
549 3293 604 3352 sibi
625 3313 690 3352 esse
711 3293 902 3370 pereundum.
944 3293 1012 3351 Hac
1037 3314 1087 3352 ne-

171 3390 307 3452 cessitate
328 3402 458 3465 coactus,
473 3390 590 3449 domino
611 3389 705 3463 navis,
727 3389 777 3465 qui
800 3388 848 3462 sit,
865 3389 971 3466 aperit,
995 3391 1087 3448 multa

171 3487 322 3566 pollicens,
351 3485 376 3544 si
403 3505 435 3544 se
458 3484 668 3545 conservasset.
710 3487 752 3543 At
778 3484 827 3542 ille
851 3484 1004 3542 clarissimi
1032 3486 1086 3544 viri

172 3595 275 3662 captus
288 3581 498 3657 misericordie,
511 3582 589 3642 diem
611 3593 785 3658 noctemque
807 3581 907 3658 procul
932 3581 969 3640 ab
990 3580 1084 3641 insula
