2392 4132
113 308 153 399 us
572 344 703 398 conon.

171 509 295 569 classem
320 509 357 566 ad
379 507 514 566 Ciliciam
536 508 703 585 appulisset,
722 527 816 584 neque
840 509 911 569 satis
930 508 1086 587 diligenter

172 605 203 663 in
217 605 319 662 castris
333 605 396 680 ejus
411 615 565 680 agerentur
582 604 698 680 vigilia,
720 623 738 662 a
757 605 897 679 barbaris,
919 626 956 664 ex
978 607 1087 683 oppido

169 714 260 759 noctu
274 700 424 777 eruptione
437 701 523 774 facta,
538 701 568 757 in
583 701 772 759 tabernaculo
786 701 957 760 interfectus
970 715 1022 760 est.

540 911 702 922 a*

474 1071 530 1131 IX.
572 1070 774 1130 CONON.

209 1261 233 1319 I.
278 1262 376 1320 Conon
394 1261 579 1321 Atheniensis
595 1262 807 1338 Peloponnesio
818 1263 894 1321 bello
906 1263 1029 1322 accessit
1048 1265 1084 1323 ad

129 1356 389 1434 brempublicam,
412 1359 442 1416 in
466 1378 556 1434 eoque
578 1357 642 1433 ejus
665 1377 753 1434 opera
774 1359 873 1434 magni
901 1358 964 1416 fuit.
1005 1359 1084 1418 Nam
1160 1428 1163 1433 Ι

169 1465 199 1512 et
219 1465 323 1530 praetor
346 1454 529 1531 pedestribus
549 1453 726 1512 exercitibus
739 1454 864 1530 praefuit,
879 1465 908 1512 et
930 1457 1084 1531 praefectus

170 1550 272 1608 classis
286 1570 333 1608 res
352 1570 475 1627 magnas
499 1549 572 1608 mari
593 1550 691 1626 gessit.
733 1550 819 1613 Quas
831 1552 869 1609 ob
891 1570 995 1609 causas
1013 1571 1085 1628 prae·

170 1645 274 1723 cipuus
295 1647 323 1704 ei
345 1649 436 1706 honos
460 1647 576 1705 habitus
599 1659 651 1705 est.
693 1646 829 1721 Namque
850 1647 986 1705 omnibus
1007 1667 1084 1708 unus

171 1742 273 1801 insulis
288 1745 419 1820 praesuit:
441 1744 470 1802 in
485 1745 542 1820 qua
555 1755 698 1819 potestate
709 1744 819 1801 Pheras
834 1743 921 1819 cepit,
939 1744 1084 1803 coloniam

113 1838 151 1897 lo
170 1839 468 1897 Lacedaemoniorum.
518 1838 587 1897 Fuit
611 1838 699 1897 etiam
721 1849 849 1896 extremo
873 1838 1084 1915 Peloponnesio

171 1935 246 1991 bello
259 1945 373 2009 praetor,
388 1953 476 2008 quum
492 1934 568 2008 apud
582 1933 674 2009 AEgos
689 1932 797 1990 flumen
816 1934 907 2010 copiae
921 1935 1084 1993 Athenien-

170 2029 245 2088 sium
261 2047 277 2085 a
291 2029 442 2103 Lysandro
456 2039 524 2086 sunt
538 2029 667 2087 devictae.
710 2030 770 2087 Sed
783 2042 845 2087 tum
866 2030 967 2103 abfuit,
990 2029 1083 2106 ebque

169 2121 253 2201 pejirs
266 2144 312 2182 res
328 2124 527 2183 administrata
540 2136 592 2183 est.
634 2124 713 2182 Nam
728 2138 758 2185 et
777 2127 905 2202 prudens
918 2126 961 2184 rei
980 2127 1084 2187 milita·

171 2220 210 2278 ris
232 2231 261 2278 et
288 2220 413 2296 diligens
436 2231 499 2278 erat
520 2220 643 2297 imperii.
694 2220 797 2296 Itaque
819 2222 931 2280 nemini
952 2235 1015 2282 erat
1039 2224 1084 2281 his

114 2318 151 2374 15
171 2313 349 2391 temporibus
375 2314 507 2388 dubium,
534 2316 560 2372 si
587 2314 737 2389 adfuisset,
775 2317 854 2374 illam
884 2318 1083 2378 Athenienses

170 2409 367 2468 calamitatem
382 2421 552 2485 accepturos
566 2430 625 2469 non
640 2411 737 2469 fnisse.

210 2504 251 2563 II.
294 2505 398 2563 Rebus
426 2517 522 2564 autern
548 2506 672 2580 afflictis,
697 2527 785 2583 quum
807 2508 929 2584 patriam
955 2511 1083 2571 obsideri

72 2668 76 2676 Ι
170 2601 308 2674 audisset,
323 2621 382 2660 non
394 2601 534 2676 quaesivit,
548 2602 600 2659 ubi
621 2602 683 2679 ipse
704 2603 767 2661 tutti
790 2604 907 2675 viveret,
929 2604 981 2660 sed
1003 2610 1083 2667 unde

170 2697 304 2774 praesidio
317 2708 414 2773 posset
427 2716 491 2756 esse
506 2698 618 2755 civibus
632 2698 700 2755 suis.
743 2697 846 2772 Itaque
861 2700 984 2759 contulit
999 2723 1030 2760 se
1047 2707 1083 2762 ad

110 2794 151 2855 20
171 2794 407 2865 Pharnabazum,
437 2804 571 2869 satrapen
598 2791 689 2851 Ioniae
713 2805 743 2853 et
764 2794 875 2870 Lydiae,
899 2797 1083 2874 eundemque

170 2910 311 2970 generum
325 2889 420 2967 Regis
434 2902 463 2949 at
475 2889 686 2967 propinquum:
709 2893 787 2968 apud
802 2911 889 2968 quem
912 2905 945 2952 ut
959 2895 1083 2954 multum

169 2987 263 3066 gratia
278 2987 396 3060 valeret,
410 2987 502 3047 multo
524 2987 623 3046 labore
644 2988 799 3065 multisque
821 2989 918 3047 effecit
935 2990 1082 3065 periculis.
1103 3014 1111 3021 ·

170 3083 249 3142 Nam
275 3103 365 3160 quum
388 3082 616 3156 Lacedaemonii,
640 3084 873 3143 Atheniensibus
895 3084 1027 3156 devictis,
1051 3086 1082 3144 in

169 3180 308 3238 societate
329 3199 388 3238 non
402 3191 564 3252 manerent,
578 3197 664 3254 quam
679 3197 747 3236 curn
760 3179 923 3236 Artaxerxe
942 3179 1082 3255 fecerant,

109 3275 150 3335 25
170 3273 399 3350 Agesilaiimqua
426 3275 564 3334 bellatum
591 3272 739 3332 misissent
762 3273 792 3330 in
814 3273 929 3346 Asiam,
954 3276 1081 3334 maxime

169 3367 285 3445 impulsi
301 3387 318 3426 a
332 3369 541 3448 Tissaphema‚
556 3368 605 3446 qni
619 3388 656 3427 ex
670 3367 780 3428 intimis
804 3368 899 3445 Regis
921 3370 958 3426 ab
983 3371 1083 3429 amici·

168 3463 211 3525 tid
224 3463 288 3541 ejus
301 3465 459 3540 deiecerat,
473 3478 585 3526 etcum
607 3464 839 3524 Lacedaemoniis
863 3464 972 3525 coierat
991 3469 1083 3525 socie·

168 3569 277 3621 tatem:
299 3560 379 3620 hunc
393 3560 533 3621 adversus
553 3561 764 3621 Pharnabazus
787 3560 904 3621 habitus
925 3573 970 3622 est
993 3563 1083 3641 impe-
