<?xml version="1.0" encoding="UTF-8"?>
<!DOCTYPE html PUBLIC "-//W3C//DTD XHTML 1.0 Transitional//EN"
    "http://www.w3.org/TR/xhtml1/DTD/xhtml1-transitional.dtd">
<html xmlns="http://www.w3.org/1999/xhtml" xml:lang="en" lang="en">
 <head>
  <title>
</title>
<meta http-equiv="Content-Type" content="text/html;charset=utf-8" />
  <meta name='ocr-system' content='tesseract 3.04.00' />
  <meta name='ocr-capabilities' content='ocr_page ocr_carea ocr_par ocr_line ocrx_word'/>
</head>
<body>
  <div class='ocr_page' id='page_1' title='image "./devitaexcellent00nepogoog_0012.png"; bbox 0 0 2392 4132; ppageno 0'>
   <div class='ocr_carea' id='block_1_1' title="bbox 426 928 816 1028">
    <p class='ocr_par' dir='ltr' id='par_1_1' title="bbox 426 928 816 1028">
     <span class='ocr_line' id='line_1_1' title="bbox 426 928 816 1028; baseline 0.005 -1"><span class='ocrx_word' id='word_1_1' title='bbox 426 928 816 1028; x_wconf 58' lang='lat' dir='ltr'>recursu(</span> 
     </span>
    </p>
   </div>
   <div class='ocr_carea' id='block_1_2' title="bbox 107 1510 1082 3361">
    <p class='ocr_par' dir='ltr' id='par_1_2' title="bbox 107 1510 1082 3361">
     <span class='ocr_line' id='line_1_2' title="bbox 151 1510 1065 1593; baseline 0.008 -22"><span class='ocrx_word' id='word_1_2' title='bbox 151 1510 224 1571; x_wconf 79' lang='lat' dir='ltr'>Nou</span> <span class='ocrx_word' id='word_1_3' title='bbox 244 1511 355 1586; x_wconf 89' lang='lat' dir='ltr'>dubito,</span> <span class='ocrx_word' id='word_1_4' title='bbox 376 1512 436 1571; x_wconf 82' lang='lat' dir='ltr'>sore</span> <span class='ocrx_word' id='word_1_5' title='bbox 456 1512 617 1589; x_wconf 86' lang='lat' dir='ltr'>plerosque,</span> <span class='ocrx_word' id='word_1_6' title='bbox 644 1513 755 1588; x_wconf 80' lang='lat' dir='ltr'>Attice,</span> <span class='ocrx_word' id='word_1_7' title='bbox 775 1515 824 1591; x_wconf 90' lang='lat' dir='ltr'>qui</span> <span class='ocrx_word' id='word_1_8' title='bbox 848 1517 903 1574; x_wconf 89' lang='lat' dir='ltr'>hoc</span> <span class='ocrx_word' id='word_1_9' title='bbox 929 1536 1023 1593; x_wconf 81' lang='lat' dir='ltr'>genus</span> <span class='ocrx_word' id='word_1_10' title='bbox 1060 1570 1065 1579; x_wconf 76' lang='grc'><strong><em>,</em></strong></span> 
     </span>
     <span class='ocr_line' id='line_1_3' title="bbox 111 1603 1022 1682; baseline 0.004 -17"><span class='ocrx_word' id='word_1_11' title='bbox 111 1606 259 1682; x_wconf 73' lang='lat' dir='ltr'>scripture</span> <span class='ocrx_word' id='word_1_12' title='bbox 279 1607 342 1664; x_wconf 83' lang='lat' dir='ltr'>leve</span> <span class='ocrx_word' id='word_1_13' title='bbox 362 1617 392 1665; x_wconf 89' lang='lat' dir='ltr'>et</span> <span class='ocrx_word' id='word_1_14' title='bbox 413 1625 471 1664; x_wconf 91' lang='lat' dir='ltr'>non</span> <span class='ocrx_word' id='word_1_15' title='bbox 488 1603 558 1663; x_wconf 85' lang='lat' dir='ltr'>satis</span> <span class='ocrx_word' id='word_1_16' title='bbox 571 1605 692 1682; x_wconf 83' lang='lat' dir='ltr'>dignum</span> <span class='ocrx_word' id='word_1_17' title='bbox 707 1627 884 1666; x_wconf 87' lang='lat' dir='ltr'>summorum</span> <span class='ocrx_word' id='word_1_18' title='bbox 897 1609 1022 1670; x_wconf 83' lang='lat' dir='ltr'>virorum</span> 
     </span>
     <span class='ocr_line' id='line_1_4' title="bbox 111 1700 1023 1777; baseline 0.004 -19"><span class='ocrx_word' id='word_1_19' title='bbox 111 1701 241 1776; x_wconf 86' lang='lat' dir='ltr'>personis</span> <span class='ocrx_word' id='word_1_20' title='bbox 259 1700 401 1776; x_wconf 87' lang='lat' dir='ltr'>judicent,</span> <span class='ocrx_word' id='word_1_21' title='bbox 423 1718 512 1774; x_wconf 89' lang='lat' dir='ltr'>quum</span> <span class='ocrx_word' id='word_1_22' title='bbox 532 1700 655 1757; x_wconf 86' lang='lat' dir='ltr'>relatum</span> <span class='ocrx_word' id='word_1_23' title='bbox 675 1701 783 1777; x_wconf 82' lang='lat' dir='ltr'>legent,</span> <span class='ocrx_word' id='word_1_24' title='bbox 797 1702 861 1777; x_wconf 82' lang='lat' dir='ltr'>quis</span> <span class='ocrx_word' id='word_1_25' title='bbox 881 1703 1023 1762; x_wconf 76' lang='lat' dir='ltr'><strong>musicam</strong></span> 
     </span>
     <span class='ocr_line' id='line_1_5' title="bbox 112 1793 1023 1870; baseline 0.004 -20"><span class='ocrx_word' id='word_1_26' title='bbox 112 1793 242 1852; x_wconf 75' lang='lat' dir='ltr'>docuerit</span> <span class='ocrx_word' id='word_1_27' title='bbox 256 1793 502 1870; x_wconf 67' lang='lat' dir='ltr'>Epaminondam</span> <span class='ocrx_word' id='word_1_28' title='bbox 524 1793 617 1850; x_wconf 80' lang='lat' dir='ltr'>autin</span> <span class='ocrx_word' id='word_1_29' title='bbox 632 1793 695 1868; x_wconf 85' lang='lat' dir='ltr'>ejus</span> <span class='ocrx_word' id='word_1_30' title='bbox 704 1795 857 1853; x_wconf 88' lang='lat' dir='ltr'>virtutibus</span> <span class='ocrx_word' id='word_1_31' title='bbox 868 1815 1023 1854; x_wconf 86' lang='lat' dir='ltr'>commem·</span> 
     </span>
     <span class='ocr_line' id='line_1_6' title="bbox 111 1881 1082 1962; baseline 0.005 -18"><span class='ocrx_word' id='word_1_32' title='bbox 111 1887 196 1959; x_wconf 84' lang='lat' dir='ltr'>orari,</span> <span class='ocrx_word' id='word_1_33' title='bbox 205 1887 325 1945; x_wconf 75' lang='lat' dir='ltr'>saltdsse</span> <span class='ocrx_word' id='word_1_34' title='bbox 339 1906 406 1943; x_wconf 89' lang='lat' dir='ltr'>eum</span> <span class='ocrx_word' id='word_1_35' title='bbox 417 1881 580 1958; x_wconf 71' lang='lat' dir='ltr'>commode,</span> <span class='ocrx_word' id='word_1_36' title='bbox 592 1887 774 1962; x_wconf 80' lang='lat' dir='ltr'>scienterque</span> <span class='ocrx_word' id='word_1_37' title='bbox 789 1888 867 1947; x_wconf 88' lang='lat' dir='ltr'>tibiis</span> <span class='ocrx_word' id='word_1_38' title='bbox 878 1890 1020 1949; x_wconf 70' lang='lat' dir='ltr'>cantisse.</span> <span class='ocrx_word' id='word_1_39' title='bbox 1061 1892 1082 1949; x_wconf 78' lang='lat'><strong><em>5</em></strong></span> 
     </span>
     <span class='ocr_line' id='line_1_7' title="bbox 112 1978 1021 2058; baseline 0.004 -21"><span class='ocrx_word' id='word_1_40' title='bbox 112 1981 171 2037; x_wconf 84' lang='lat' dir='ltr'>Sed</span> <span class='ocrx_word' id='word_1_41' title='bbox 191 1980 221 2036; x_wconf 92' lang='lat' dir='ltr'>hi</span> <span class='ocrx_word' id='word_1_42' title='bbox 241 1991 327 2038; x_wconf 87' lang='lat' dir='ltr'>erunt</span> <span class='ocrx_word' id='word_1_43' title='bbox 347 1978 418 2052; x_wconf 74' lang='lat' dir='ltr'>ferd,</span> <span class='ocrx_word' id='word_1_44' title='bbox 436 1979 495 2055; x_wconf 88' lang='lat' dir='ltr'>qui,</span> <span class='ocrx_word' id='word_1_45' title='bbox 509 1991 642 2056; x_wconf 85' lang='lat' dir='ltr'>expertes</span> <span class='ocrx_word' id='word_1_46' title='bbox 662 1981 821 2039; x_wconf 85' lang='lat' dir='ltr'>litterarum</span> <span class='ocrx_word' id='word_1_47' title='bbox 842 1983 1021 2058; x_wconf 63' lang='lat' dir='ltr'>Graecarum,</span> 
     </span>
     <span class='ocr_line' id='line_1_8' title="bbox 111 2072 1023 2152; baseline 0.005 -23"><span class='ocrx_word' id='word_1_48' title='bbox 111 2073 183 2130; x_wconf 89' lang='lat' dir='ltr'>nihil</span> <span class='ocrx_word' id='word_1_49' title='bbox 204 2085 327 2146; x_wconf 88' lang='lat' dir='ltr'>rectum,</span> <span class='ocrx_word' id='word_1_50' title='bbox 341 2072 398 2130; x_wconf 93' lang='lat' dir='ltr'>nisi</span> <span class='ocrx_word' id='word_1_51' title='bbox 417 2073 493 2148; x_wconf 89' lang='lat' dir='ltr'>quod</span> <span class='ocrx_word' id='word_1_52' title='bbox 513 2072 639 2148; x_wconf 86' lang='lat' dir='ltr'>ipsorum</span> <span class='ocrx_word' id='word_1_53' title='bbox 653 2073 781 2132; x_wconf 88' lang='lat' dir='ltr'>moribus</span> <span class='ocrx_word' id='word_1_54' title='bbox 795 2075 958 2147; x_wconf 83' lang='lat' dir='ltr'>conveniet,</span> <span class='ocrx_word' id='word_1_55' title='bbox 972 2095 1023 2152; x_wconf 92' lang='lat' dir='ltr'>pu·</span> 
     </span>
     <span class='ocr_line' id='line_1_9' title="bbox 111 2165 1022 2238; baseline 0.002 -14"><span class='ocrx_word' id='word_1_56' title='bbox 111 2166 222 2224; x_wconf 85' lang='lat' dir='ltr'>tabunt.</span> <span class='ocrx_word' id='word_1_57' title='bbox 272 2166 313 2222; x_wconf 92' lang='lat' dir='ltr'>Hi</span> <span class='ocrx_word' id='word_1_58' title='bbox 341 2165 365 2223; x_wconf 91' lang='lat' dir='ltr'>si</span> <span class='ocrx_word' id='word_1_59' title='bbox 392 2165 557 2238; x_wconf 81' lang='lat' dir='ltr'>didicerint,</span> <span class='ocrx_word' id='word_1_60' title='bbox 581 2185 640 2224; x_wconf 91' lang='lat' dir='ltr'>non</span> <span class='ocrx_word' id='word_1_61' title='bbox 668 2167 770 2224; x_wconf 83' lang='lat' dir='ltr'>eadem</span> <span class='ocrx_word' id='word_1_62' title='bbox 796 2167 931 2225; x_wconf 91' lang='lat' dir='ltr'>omnibus</span> <span class='ocrx_word' id='word_1_63' title='bbox 958 2187 1022 2226; x_wconf 86' lang='lat' dir='ltr'>esse</span> 
     </span>
     <span class='ocr_line' id='line_1_10' title="bbox 110 2259 1023 2335; baseline 0.002 -19"><span class='ocrx_word' id='word_1_64' title='bbox 110 2260 232 2318; x_wconf 83' lang='lat' dir='ltr'>honesta</span> <span class='ocrx_word' id='word_1_65' title='bbox 260 2271 346 2333; x_wconf 82' lang='lat' dir='ltr'>atque</span> <span class='ocrx_word' id='word_1_66' title='bbox 374 2259 479 2335; x_wconf 83' lang='lat' dir='ltr'>turpia,</span> <span class='ocrx_word' id='word_1_67' title='bbox 505 2260 555 2316; x_wconf 87' lang='lat' dir='ltr'>sed</span> <span class='ocrx_word' id='word_1_68' title='bbox 585 2259 684 2317; x_wconf 81' lang='lat' dir='ltr'>omnia</span> <span class='ocrx_word' id='word_1_69' title='bbox 713 2260 853 2335; x_wconf 85' lang='lat' dir='ltr'>majorum</span> <span class='ocrx_word' id='word_1_70' title='bbox 884 2260 1023 2319; x_wconf 86' lang='lat' dir='ltr'>institutis</span> 
     </span>
     <span class='ocr_line' id='line_1_11' title="bbox 107 2353 1082 2428; baseline 0.003 -19"><span class='ocrx_word' id='word_1_71' title='bbox 107 2353 243 2428; x_wconf 84' lang='lat' dir='ltr'>judicari,</span> <span class='ocrx_word' id='word_1_72' title='bbox 258 2372 317 2411; x_wconf 91' lang='lat' dir='ltr'>non</span> <span class='ocrx_word' id='word_1_73' title='bbox 339 2353 567 2424; x_wconf 81' lang='lat' dir='ltr'>admirabuntur,</span> <span class='ocrx_word' id='word_1_74' title='bbox 582 2372 635 2411; x_wconf 90' lang='lat' dir='ltr'>nos</span> <span class='ocrx_word' id='word_1_75' title='bbox 651 2353 681 2410; x_wconf 90' lang='lat' dir='ltr'>in</span> <span class='ocrx_word' id='word_1_76' title='bbox 702 2353 855 2412; x_wconf 83' lang='lat' dir='ltr'>Graiorum</span> <span class='ocrx_word' id='word_1_77' title='bbox 871 2354 1023 2412; x_wconf 85' lang='lat' dir='ltr'>virtutibus</span> <span class='ocrx_word' id='word_1_78' title='bbox 1045 2355 1082 2412; x_wconf 85' lang='lat'>10</span> 
     </span>
     <span class='ocr_line' id='line_1_12' title="bbox 110 2445 1023 2521; baseline -0.001 -18"><span class='ocrx_word' id='word_1_79' title='bbox 110 2446 289 2521; x_wconf 87' lang='lat' dir='ltr'>exponendis</span> <span class='ocrx_word' id='word_1_80' title='bbox 303 2466 397 2504; x_wconf 89' lang='lat' dir='ltr'>mores</span> <span class='ocrx_word' id='word_1_81' title='bbox 411 2465 510 2504; x_wconf 87' lang='lat' dir='ltr'>eorum</span> <span class='ocrx_word' id='word_1_82' title='bbox 524 2445 793 2520; x_wconf 80' lang='lat' dir='ltr'>secutos-Neque</span> <span class='ocrx_word' id='word_1_83' title='bbox 812 2446 892 2503; x_wconf 92' lang='lat' dir='ltr'>enim</span> <span class='ocrx_word' id='word_1_84' title='bbox 906 2445 1023 2504; x_wconf 85' lang='lat' dir='ltr'>Cimoni</span> 
     </span>
     <span class='ocr_line' id='line_1_13' title="bbox 111 2539 1023 2616; baseline -0.001 -19"><span class='ocrx_word' id='word_1_85' title='bbox 111 2540 163 2597; x_wconf 90' lang='lat' dir='ltr'>suit</span> <span class='ocrx_word' id='word_1_86' title='bbox 180 2551 273 2615; x_wconf 83' lang='lat' dir='ltr'>turpe,</span> <span class='ocrx_word' id='word_1_87' title='bbox 289 2539 515 2597; x_wconf 88' lang='lat' dir='ltr'>Atheniensium</span> <span class='ocrx_word' id='word_1_88' title='bbox 535 2560 648 2598; x_wconf 85' lang='lat' dir='ltr'>summo</span> <span class='ocrx_word' id='word_1_89' title='bbox 672 2539 742 2613; x_wconf 89' lang='lat' dir='ltr'>viro,</span> <span class='ocrx_word' id='word_1_90' title='bbox 765 2558 891 2598; x_wconf 90' lang='lat' dir='ltr'>sororem</span> <span class='ocrx_word' id='word_1_91' title='bbox 911 2559 1023 2616; x_wconf 85' lang='lat' dir='ltr'>germa-</span> 
     </span>
     <span class='ocr_line' id='line_1_14' title="bbox 110 2631 1024 2708; baseline 0.001 -19"><span class='ocrx_word' id='word_1_92' title='bbox 110 2651 178 2689; x_wconf 82' lang='lat' dir='ltr'>nam</span> <span class='ocrx_word' id='word_1_93' title='bbox 201 2632 308 2689; x_wconf 85' lang='lat' dir='ltr'>hebere</span> <span class='ocrx_word' id='word_1_94' title='bbox 330 2632 360 2689; x_wconf 93' lang='lat' dir='ltr'>in</span> <span class='ocrx_word' id='word_1_95' title='bbox 388 2632 580 2704; x_wconf 84' lang='lat' dir='ltr'>matrimonio,</span> <span class='ocrx_word' id='word_1_96' title='bbox 608 2632 713 2708; x_wconf 90' lang='lat' dir='ltr'>quippe</span> <span class='ocrx_word' id='word_1_97' title='bbox 739 2652 828 2708; x_wconf 90' lang='lat' dir='ltr'>quum</span> <span class='ocrx_word' id='word_1_98' title='bbox 855 2632 934 2690; x_wconf 86' lang='lat' dir='ltr'>cives</span> <span class='ocrx_word' id='word_1_99' title='bbox 960 2631 1024 2708; x_wconf 89' lang='lat' dir='ltr'>ejus</span> 
     </span>
     <span class='ocr_line' id='line_1_15' title="bbox 110 2725 1023 2801; baseline 0 -20"><span class='ocrx_word' id='word_1_100' title='bbox 110 2726 211 2782; x_wconf 88' lang='lat' dir='ltr'>eodem</span> <span class='ocrx_word' id='word_1_101' title='bbox 232 2737 382 2784; x_wconf 87' lang='lat' dir='ltr'>uterentur</span> <span class='ocrx_word' id='word_1_102' title='bbox 404 2726 543 2784; x_wconf 87' lang='lat' dir='ltr'>instituto.</span> <span class='ocrx_word' id='word_1_103' title='bbox 586 2728 627 2784; x_wconf 82' lang='lat' dir='ltr'>At</span> <span class='ocrx_word' id='word_1_104' title='bbox 646 2726 675 2783; x_wconf 88' lang='lat' dir='ltr'>id</span> <span class='ocrx_word' id='word_1_105' title='bbox 689 2726 805 2801; x_wconf 89' lang='lat' dir='ltr'>quidem</span> <span class='ocrx_word' id='word_1_106' title='bbox 820 2726 925 2784; x_wconf 87' lang='lat' dir='ltr'>nostris</span> <span class='ocrx_word' id='word_1_107' title='bbox 939 2725 1023 2783; x_wconf 88' lang='lat' dir='ltr'>mori·</span> 
     </span>
     <span class='ocr_line' id='line_1_16' title="bbox 110 2806 1082 2877; baseline 0.003 -4"><span class='ocrx_word' id='word_1_108' title='bbox 110 2818 164 2874; x_wconf 91' lang='lat' dir='ltr'>bus</span> <span class='ocrx_word' id='word_1_109' title='bbox 178 2818 259 2875; x_wconf 84' lang='lat' dir='ltr'>nefas</span> <span class='ocrx_word' id='word_1_110' title='bbox 272 2819 541 2877; x_wconf 68' lang='lat' dir='ltr'>habetur-Laudi</span> <span class='ocrx_word' id='word_1_111' title='bbox 553 2819 583 2877; x_wconf 92' lang='lat' dir='ltr'>in</span> <span class='ocrx_word' id='word_1_112' title='bbox 594 2820 710 2876; x_wconf 69' lang='lat' dir='ltr'>Graecid</span> <span class='ocrx_word' id='word_1_113' title='bbox 725 2819 841 2876; x_wconf 80' lang='lat' dir='ltr'>ducitur</span> <span class='ocrx_word' id='word_1_114' title='bbox 856 2806 1023 2876; x_wconf 75' lang='lat' dir='ltr'>adelescen·</span> <span class='ocrx_word' id='word_1_115' title='bbox 1045 2819 1082 2876; x_wconf 81' lang='lat'>15</span> 
     </span>
     <span class='ocr_line' id='line_1_17' title="bbox 110 2908 1023 2986; baseline -0.002 -18"><span class='ocrx_word' id='word_1_116' title='bbox 110 2911 187 2983; x_wconf 89' lang='lat' dir='ltr'>tulis,</span> <span class='ocrx_word' id='word_1_117' title='bbox 202 2909 288 2986; x_wconf 81' lang='lat' dir='ltr'>qudm</span> <span class='ocrx_word' id='word_1_118' title='bbox 302 2912 441 2986; x_wconf 89' lang='lat' dir='ltr'>plurimos</span> <span class='ocrx_word' id='word_1_119' title='bbox 460 2911 567 2968; x_wconf 83' lang='lat' dir='ltr'>habere</span> <span class='ocrx_word' id='word_1_120' title='bbox 586 2909 868 2967; x_wconf 81' lang='lat' dir='ltr'>amatores—Nulla</span> <span class='ocrx_word' id='word_1_121' title='bbox 886 2908 1023 2966; x_wconf 83' lang='lat' dir='ltr'>Lecedae·</span> 
     </span>
     <span class='ocr_line' id='line_1_18' title="bbox 110 3003 1021 3078; baseline 0.001 -18"><span class='ocrx_word' id='word_1_122' title='bbox 110 3004 189 3061; x_wconf 92' lang='lat' dir='ltr'>moni</span> <span class='ocrx_word' id='word_1_123' title='bbox 208 3015 268 3062; x_wconf 85' lang='lat' dir='ltr'>tam</span> <span class='ocrx_word' id='word_1_124' title='bbox 292 3016 336 3062; x_wconf 86' lang='lat' dir='ltr'>est</span> <span class='ocrx_word' id='word_1_125' title='bbox 359 3004 465 3063; x_wconf 90' lang='lat' dir='ltr'>nobilis</span> <span class='ocrx_word' id='word_1_126' title='bbox 486 3004 582 3076; x_wconf 85' lang='lat' dir='ltr'>vidua,</span> <span class='ocrx_word' id='word_1_127' title='bbox 604 3022 667 3078; x_wconf 84' lang='lat' dir='ltr'>quae</span> <span class='ocrx_word' id='word_1_128' title='bbox 688 3021 746 3061; x_wconf 90' lang='lat' dir='ltr'>non</span> <span class='ocrx_word' id='word_1_129' title='bbox 768 3003 804 3060; x_wconf 85' lang='lat' dir='ltr'>ed</span> <span class='ocrx_word' id='word_1_130' title='bbox 825 3021 944 3060; x_wconf 86' lang='lat' dir='ltr'>scenam</span> <span class='ocrx_word' id='word_1_131' title='bbox 963 3015 1021 3076; x_wconf 86' lang='lat' dir='ltr'>eat,</span> 
     </span>
     <span class='ocr_line' id='line_1_19' title="bbox 109 3095 1023 3173; baseline -0.001 -20"><span class='ocrx_word' id='word_1_132' title='bbox 109 3098 244 3154; x_wconf 87' lang='lat' dir='ltr'>mercede</span> <span class='ocrx_word' id='word_1_133' title='bbox 258 3095 573 3173; x_wconf 67' lang='lat' dir='ltr'>conductu-Magnis</span> <span class='ocrx_word' id='word_1_134' title='bbox 600 3097 630 3153; x_wconf 95' lang='lat' dir='ltr'>in</span> <span class='ocrx_word' id='word_1_135' title='bbox 653 3096 787 3153; x_wconf 84' lang='lat' dir='ltr'>laudibus</span> <span class='ocrx_word' id='word_1_136' title='bbox 801 3096 862 3154; x_wconf 72' lang='lat' dir='ltr'>tort</span> <span class='ocrx_word' id='word_1_137' title='bbox 876 3096 930 3154; x_wconf 84' lang='lat' dir='ltr'>fuit</span> <span class='ocrx_word' id='word_1_138' title='bbox 944 3096 1023 3153; x_wconf 75' lang='lat' dir='ltr'>Grae·</span> 
     </span>
     <span class='ocr_line' id='line_1_20' title="bbox 109 3186 1022 3266; baseline -0.002 -19"><span class='ocrx_word' id='word_1_139' title='bbox 109 3189 477 3266; x_wconf 69' lang='lat' dir='ltr'>cid,vict0rem01ympiae</span> <span class='ocrx_word' id='word_1_140' title='bbox 494 3188 665 3248; x_wconf 77' lang='lat' dir='ltr'>citari-In</span> <span class='ocrx_word' id='word_1_141' title='bbox 687 3208 804 3246; x_wconf 85' lang='lat' dir='ltr'>scenam</span> <span class='ocrx_word' id='word_1_142' title='bbox 819 3186 886 3247; x_wconf 77' lang='lat' dir='ltr'>verd</span> <span class='ocrx_word' id='word_1_143' title='bbox 907 3189 1022 3266; x_wconf 89' lang='lat' dir='ltr'>prodire</span> 
     </span>
     <span class='ocr_line' id='line_1_21' title="bbox 108 3280 1081 3361; baseline -0.001 -21"><span class='ocrx_word' id='word_1_144' title='bbox 108 3295 138 3341; x_wconf 88' lang='lat' dir='ltr'>et</span> <span class='ocrx_word' id='word_1_145' title='bbox 157 3283 263 3361; x_wconf 90' lang='lat' dir='ltr'>populo</span> <span class='ocrx_word' id='word_1_146' title='bbox 283 3303 346 3343; x_wconf 88' lang='lat' dir='ltr'>esse</span> <span class='ocrx_word' id='word_1_147' title='bbox 367 3284 544 3360; x_wconf 86' lang='lat' dir='ltr'>spectaculo,</span> <span class='ocrx_word' id='word_1_148' title='bbox 567 3282 678 3341; x_wconf 88' lang='lat' dir='ltr'>nemini</span> <span class='ocrx_word' id='word_1_149' title='bbox 699 3283 730 3339; x_wconf 94' lang='lat' dir='ltr'>in</span> <span class='ocrx_word' id='word_1_150' title='bbox 751 3283 860 3341; x_wconf 84' lang='lat' dir='ltr'>eisdem</span> <span class='ocrx_word' id='word_1_151' title='bbox 885 3281 1021 3360; x_wconf 81' lang='lat' dir='ltr'>gentibus</span> <span class='ocrx_word' id='word_1_152' title='bbox 1039 3280 1081 3339; x_wconf 76' lang='lat'>20</span> 
     </span>
    </p>
   </div>
   <div class='ocr_carea' id='block_1_3' title="bbox 355 3380 371 3436">
    <p class='ocr_par' dir='ltr' id='par_1_3' title="bbox 355 3380 371 3436">
     <span class='ocr_line' id='line_1_22' title="bbox 355 3380 371 3436; baseline 0 0"><span class='ocrx_word' id='word_1_153' title='bbox 355 3380 371 3436; x_wconf 95' lang='lat' dir='ltr'>l</span> 
     </span>
    </p>
   </div>
   <div class='ocr_carea' id='block_1_4' title="bbox 0 0 1200 4132">
    <p class='ocr_par' dir='ltr' id='par_1_4' title="bbox 0 0 1200 4132">
     <span class='ocr_line' id='line_1_23' title="bbox 0 0 1200 4132; baseline 0 3"><span class='ocrx_word' id='word_1_154' title='bbox 0 0 1200 4132; x_wconf 95' lang='lat' dir='ltr'> </span> 
     </span>
    </p>
   </div>
  </div>
 </body>
</html>
