2392 4132
543 342 722 395 EUMENES.

183 505 213 562 in
228 504 356 563 Mediam
376 484 534 561 hiematum
558 504 656 580 coligit
680 504 782 562 redire.
824 502 891 579 Ipse
916 504 946 561 in
968 504 1091 563 finitimi

182 601 299 677 regione
313 600 440 657 Persidis
454 601 611 658 hiematum
625 600 724 676 copias
737 599 844 673 divisit,
869 619 927 658 non
946 613 978 658 ut
992 602 1090 673 voluit,

181 699 232 754 sed
247 710 278 754 ut
292 697 413 755 militum
429 698 552 773 cogebat
565 698 705 755 voluntas.
746 686 880 771 Namque
901 696 950 752 illa
963 697 1090 771 phalanx

182 793 341 850 Alexandri
355 794 463 869 magni,
478 812 541 868 quae
564 793 666 850 Asiam
689 792 866 868 peragrdrat,
888 791 1090 865 deviceratque

140 886 161 944 ὅ
181 888 295 961 Persas,
309 889 469 946 inveterata
482 907 571 963 quum
585 888 686 964 gloriis,
701 898 763 945 tum
777 887 864 944 etiam
888 885 1017 957 licentii,
1031 903 1090 942 non

179 1001 280 1058 parere
304 1003 335 1040 se
358 983 492 1055 ducibus,
512 983 562 1040 sed
589 983 728 1058 imperare
752 981 934 1057 postulabat:
956 993 988 1038 ut
1011 998 1091 1037 nuno

180 1074 308 1135 veterani
320 1077 430 1135 faciunt
438 1078 536 1134 nostri.
578 1076 680 1151 Itaque
688 1076 850 1151 periculum
861 1087 915 1148 est,
924 1095 961 1132 ne
973 1075 1090 1147 faciant,

124 1158 136 1201 ⁸
179 1174 254 1246 quod
270 1172 310 1228 illi
325 1174 457 1230 fecerunt
470 1172 522 1228 sud
544 1170 766 1247 intemperantid
791 1171 937 1245 nimiaque
961 1170 1091 1241 licentii,

180 1278 211 1324 ut
225 1266 323 1323 omnia
329 1267 462 1342 perdant,
473 1285 567 1341 neque
576 1263 673 1323 mimis
681 1284 740 1337 eos,
753 1284 820 1322 cum
828 1265 934 1341 quibus
945 1265 1088 1336 steterint,

124 1362 160 1419 10
181 1360 267 1437 quam
291 1359 427 1419 adversus
452 1381 523 1437 quos
549 1360 679 1439 fecerint.
728 1358 820 1421 Quod
845 1360 955 1435 siquis
977 1360 1091 1417 illorum

180 1467 380 1513 veteranorum
395 1457 471 1532 legat
487 1457 574 1528 facta,
585 1455 671 1532 paria
685 1456 787 1514 horum
798 1467 973 1531 cognoscat:
996 1473 1091 1528 neque

180 1570 240 1608 rem
256 1551 353 1623 ullam,
368 1551 425 1608 nisi
439 1562 562 1626 tempus,
577 1551 718 1608 interesse
732 1550 852 1626 judicet.
895 1551 954 1607 Sed
977 1550 1012 1606 ad
1028 1550 1091 1607 illos
1164 1559 1167 1563 ’

162 1658 314 1718 revertar.
355 1645 489 1702 Hiberna
499 1656 680 1721 sumpserant
693 1663 752 1703 non
775 1645 812 1702 ad
830 1663 914 1702 usum
939 1644 1019 1716 belli,
1039 1643 1091 1700 sed

180 1741 216 1796 ad
231 1741 357 1816 ipsorum
371 1741 533 1811 luxuriam3
565 1738 709 1816 longique
736 1740 810 1798 inter
835 1759 866 1797 se
887 1739 1089 1796 discesserant.

122 1834 160 1891 15
181 1834 247 1892 Hoc
271 1835 435 1910 Antigonus
462 1854 550 1909 quum
577 1834 774 1910 comperisset,
797 1834 1036 1911 intelligeretque,
1059 1853 1091 1892 se

178 1948 275 2004 parem
291 1949 349 1986 non
364 1948 427 1986 esse
447 1930 555 2005 paratis
580 1929 761 2002 adversariis,
781 1930 881 1989 statuit
902 1930 1009 2005 aliquid
1034 1929 1091 1986 sibi

179 2023 293 2080 consilii
306 2023 372 2081 novi
387 2043 450 2081 esse
465 2024 648 2101 capiendum.
689 2023 763 2081 Dua
784 2037 867 2083 erant
888 2025 950 2097 vire,
975 2022 1032 2100 qud
1054 2044 1091 2082 ex

180 2117 286 2190 Medis,
301 2118 351 2175 ubi
366 2119 413 2176 ille
427 2119 583 2192 hiemabat,
599 2119 633 2176 ad
654 2119 879 2178 adversariorum
902 2120 1092 2178 hibernacula

178 2225 275 2288 posset
301 2213 452 2289 perveniri.
493 2214 628 2275 Quarum
655 2214 766 2272 brevior
793 2234 844 2291 per
871 2216 936 2272 loca
963 2216 1087 2287 deserta,

119 2308 160 2365 20
179 2326 242 2382 quae
269 2327 355 2364 nemo
381 2308 526 2365 incolebat
551 2318 666 2384 propter
693 2326 773 2384 aquae
798 2309 936 2385 inopiam,
951 2307 1089 2368 caeterum

180 2402 291 2459 dierum
305 2413 366 2459 erat
380 2399 440 2459 lere
465 2402 584 2472 decem3
606 2401 656 2459 illa
680 2413 786 2475 autem,
811 2404 869 2478 qua
889 2423 991 2462 omnes
1012 2423 1090 2462 com·
1136 2406 1142 2413 '

179 2498 324 2569 meabant,
353 2497 442 2556 altero
468 2508 549 2556 tanto
572 2497 732 2573 longiorem
758 2498 884 2556 habebat
908 2500 1089 2569 anfractum3

179 2593 231 2651 sed
245 2603 307 2650 erat
321 2591 446 2668 copiosa,
460 2592 646 2667 omniumque
660 2612 756 2651 rerum
780 2593 940 2652 abundans.
982 2594 1051 2653 Hae
1065 2594 1090 2653 si

177 2687 418 2763 proficisceretur,
432 2687 622 2763 intelligebat,
636 2684 716 2762 prilla
737 2688 914 2746 adversarios
935 2690 1091 2748 rescituros

118 2784 159 2843 25
178 2784 216 2841 de
230 2802 281 2840 suo
293 2782 428 2854 adventu,
452 2778 539 2856 quim
563 2781 625 2858 ipae
645 2783 759 2840 tertiam
783 2795 894 2858 partem
916 2784 1110 2844 confecisset

179 2877 311 2947 itineris;
344 2876 389 2934 sin
415 2896 466 2952 per
492 2877 558 2935 loca
584 2877 645 2934 sola
671 2879 870 2952 contenderet,
898 2880 1033 2955 sperabat
1059 2899 1090 2938 se

178 2972 390 3049 imprudentem
404 2972 515 3030 hostem
528 2991 739 3048 oppressurum.
781 2974 830 3030 Ad
839 2976 916 3033 hanc
939 2994 1001 3032 rem
1023 2994 1092 3034 oon·

168 3067 333 3151 ‚ficiendam
347 3061 507 3143 imperavit,
523 3064 610 3142 quim
634 3067 772 3143 plurimos
796 3080 875 3127 utres
895 3080 980 3144 atque
1002 3070 1091 3130 etiam

178 3162 287 3219 culleos
300 3161 480 3237 comparari:
500 3173 565 3237 post
579 3163 641 3218 haee
655 3162 803 3238 pabulum,
826 3175 966 3238 praeterea
981 3164 1091 3224 cibaria

118 3256 158 3315 30
179 3267 263 3314 cocta
276 3256 387 3313 dierum
401 3256 515 3328 decem,
539 3266 572 3313 ut
595 3253 682 3331 quim
708 3255 828 3314 minime
852 3257 934 3316 fieret
957 3258 1034 3335 ignis
1059 3258 1089 3316 in

177 3349 288 3408 castris.
330 3349 399 3423 lter,
413 3350 490 3426 quod
504 3350 640 3424 habebat,
654 3370 756 3410 ornnes
769 3354 853 3411 celat.
896 3354 947 3411 Sic
960 3365 1089 3430 paratus,

179 3442 237 3521 qud
250 3444 448 3519 constituerat,
462 3445 662 3522 proficiscitur.

217 3539 272 3598 IX.
314 3538 476 3600 Dimidium
508 3538 568 3600 serti
594 3541 718 3618 spatium
738 3543 913 3615 confecerat,
937 3562 1027 3620 quum
1052 3562 1089 3603 ex
