2392 4132
113 344 151 410 ta
402 386 407 395 ·
479 352 768 408 nnnursuocuas.

169 518 274 576 hostes.
316 517 438 575 Interim
453 517 616 590 abeodem,
631 517 724 594 gradu
744 516 884 593 depulsus
904 526 957 574 est.
998 516 1079 575 Nanr

169 611 384 669 Themistocles
399 630 511 684 verens,
526 631 563 669 ne
580 611 688 670 bellare
702 621 909 687 perseveraret,
924 610 1079 670 certiorem

170 725 236 763 eum
261 707 341 779 fecit,
363 707 392 763 id
415 705 472 782 agi,
491 718 523 765 ut
546 726 629 783 pons,
650 725 736 783 quern
762 707 810 764 ille
835 706 865 763 in
887 705 1080 782 Hellesponto

170 802 289 873 fecerat,
303 802 516 874 dissolveretur,
533 821 567 859 ac
584 801 679 859 reditu
693 801 724 859 in
739 800 842 859 Asiam
856 800 1078 872 excluderetur;

128 895 150 954 5
170 895 256 970 idque
270 895 298 952 ei
312 896 464 972 persuasit.
506 895 609 972 Itaque
623 898 681 973 qud
700 915 752 954 sex
772 895 921 962 mensibus
935 895 989 953 iter
1004 897 1080 954 lece·

169 1001 224 1062 rat,
239 990 342 1048 eudem
356 990 454 1050 minim
467 992 570 1049 diebus
584 991 705 1068 triginta
719 991 749 1048 in
761 991 865 1049 Asiam
879 1009 1010 1048 reversus
1024 1002 1078 1064 est,

169 1104 257 1159 seque
275 1104 292 1142 a
313 1085 513 1144 Themistocle
534 1105 593 1144 non
614 1097 780 1162 superatum
803 1087 854 1142 sed
876 1096 1078 1144 conservatum

167 1179 316 1256 judicavit.
359 1181 410 1237 Sic
424 1181 512 1238 unius
525 1180 579 1238 viri
592 1179 748 1256 prudentia
762 1179 877 1238 Graecia
890 1179 1014 1238 liberata
1024 1191 1078 1260 est,

170 1274 351 1349 Europaeque
365 1275 521 1333 succubuit
541 1275 623 1333 Asia.
666 1275 740 1332 Hanc
761 1274 852 1332 altera
871 1273 1001 1348 victoria,
1016 1293 1079 1351 quae

113 1369 150 1426 lo
170 1387 237 1425 cum
259 1368 444 1427 Marathonio
463 1369 555 1445 possit
575 1369 737 1446 comparari
759 1381 875 1446 tropaeo.
917 1369 996 1426 Nam
1017 1370 1080 1447 pari

169 1463 255 1521 modo
284 1464 360 1540 apud
383 1464 534 1522 Salamina
556 1483 645 1541 parvo
671 1484 794 1524 numero
813 1464 931 1522 navium
952 1465 1080 1522 maxima

169 1570 235 1635 post
249 1560 399 1618 hominurn
413 1560 582 1628 memoriam
597 1561 699 1619 classis
712 1572 757 1620 est
769 1560 893 1619 devicta.

210 1655 264 1712 VI.
307 1654 436 1732 Magnus
450 1658 506 1715 hoc
520 1657 596 1716 bello
610 1656 826 1716 Themistocles
840 1657 904 1729 fuir,
918 1674 975 1713 nec
986 1654 1080 1712 minor

170 1749 201 1807 in
222 1771 303 1827 pace.
345 1752 449 1814 Quum
470 1753 549 1810 enim
570 1752 724 1812 Phalerico
743 1764 839 1831 portu,
858 1770 953 1826 neque
974 1769 1081 1826 magno

33 1890 35 1896 r
112 1844 150 1902 15
170 1865 264 1921 neque
292 1848 378 1918 bono,
397 1847 606 1905 Athenienses
632 1858 805 1917 uterentur3
840 1847 928 1920 hujus
959 1845 1080 1903 consilio

169 1941 273 2015 triplex
287 1941 372 1997 Piraei
392 1951 492 2016 portus
506 1940 681 1998 constitutus
701 1950 755 2011 est,
770 1940 852 2013 isque
866 1940 1011 1996 moenibus
1025 1940 1080 1997 cir·

169 2035 333 2107 cumdatus,
348 2046 380 2092 ut
394 2035 486 2110 ipsam
507 2035 609 2091 urbem
630 2033 773 2110 dignitato
787 2031 986 2109 aequipararet,
1002 2034 1080 2089 utili·

169 2142 228 2188 tate
243 2141 400 2206 superaret.
443 2129 583 2206 Idemque
597 2147 695 2187 muros
711 2126 938 2187 Atheniensium
952 2126 1079 2185 restituit

169 2227 315 2303 praecipuo
327 2225 457 2302 periculo
471 2245 532 2284 suo.
574 2224 709 2300 Namque
726 2221 943 2281 Lacedaemonii
957 2242 1076 2281 causam

109 2320 151 2381 20
171 2322 305 2379 idoneam
328 2320 409 2379 nacti
437 2331 553 2397 propter
582 2320 776 2378 Barbarorum
800 2318 998 2393 excursiones,
1022 2321 1080 2395 qud

169 2427 311 2492 negarent
337 2426 469 2491 oportere
495 2427 577 2473 extra
603 2415 837 2492 Peloponnesum
861 2415 950 2473 ullam
976 2416 1077 2473 urbem

173 2511 284 2584 haberi,
299 2530 337 2568 ne
356 2521 454 2570 essent
474 2510 541 2570 loca
558 2509 672 2569 munita
687 2529 750 2587 quae
770 2511 868 2569 hostes
887 2510 1079 2586 possiderent,

170 2606 370 2665 Athenienses
391 2605 570 2665 edificantes
591 2606 745 2682 prohibere
767 2616 836 2664 sunt
856 2606 963 2664 conati.
1012 2607 1080 2664 Hoc

169 2700 256 2777 longe
267 2700 323 2758 alid
333 2701 493 2777 spectabat,
503 2714 588 2777 atque
597 2701 688 2759 videri
696 2701 840 2760 volebant.
881 2701 1080 2760 Athenienses

108 2796 150 2856 25
170 2798 249 2855 enirn
261 2797 375 2855 duabus
389 2795 528 2871 victoriis,
540 2796 727 2855 Marathonia
741 2807 771 2855 et
785 2796 957 2870 Salaminiis,
967 2807 1078 2856 tantam

169 2893 291 2971 gloriam
314 2893 389 2970 apud
403 2912 506 2952 omnes
526 2903 629 2970 gentes
649 2904 733 2951 erant
753 2892 916 2966 consecuti,
930 2904 962 2950 ut
975 2893 1080 2950 intelli·
1100 2905 1104 2911 “

169 3002 273 3066 gerent
286 2988 513 3062 Lacedaemonii,
528 2989 565 3046 de
585 2989 751 3066 principatu
771 2988 828 3047 sibi
842 3007 910 3046 cum
928 2988 974 3045 his
987 3000 1079 3046 certa-

171 3104 237 3142 men
247 3086 316 3143 fore.
358 3085 464 3147 Quare
475 3104 526 3143 eos
538 3082 626 3160 qudm
637 3084 849 3142 infirmissimos
856 3101 921 3139 esse
931 3082 1075 3139 volebant.

170 3180 326 3255 Postquam
340 3192 437 3238 autern
452 3179 617 3252 audierunt,
629 3197 727 3236 muros
738 3177 852 3248 instrui,
863 3175 974 3251 legatos
986 3175 1078 3232 Athe·

109 3274 150 3334 110
170 3294 224 3333 nas
244 3274 396 3347 miserunt,
417 3275 467 3349 qui
489 3273 519 3331 id
539 3271 603 3331 fieri
622 3282 761 3330 vetarent.
804 3270 861 3327 His
883 3269 1076 3346 presentibus

169 3368 329 3442 desierunt,
345 3389 380 3427 ac
394 3389 426 3427 se
446 3371 483 3428 de
497 3369 533 3428 ed
545 3388 577 3427 re
593 3368 704 3444 legatos
725 3368 762 3424 ad
775 3385 825 3424 eos
845 3364 983 3423 missuros
997 3364 1075 3423 dixe·

170 3477 246 3525 runt.
288 3465 377 3523 Hanc
390 3466 567 3541 legationem
580 3464 709 3541 suscepit
722 3461 947 3533 Themistocles,
958 3472 988 3518 et
999 3462 1077 3520 solus

169 3559 264 3640 primd
287 3561 433 3638 profectus
453 3572 506 3620 est.
555 3559 676 3637 Reliqui
702 3557 791 3638 legati
818 3569 851 3617 ut
869 3568 933 3616 turn
952 3556 1076 3632 exirent,
