2392 4132
112 349 171 427 loe
572 376 676 428 caro.

170 534 271 591 habuit
297 533 447 606 collegam,
475 546 508 591 ut
532 534 573 590 M.
599 534 745 609 Perperna
772 532 931 593 Censorius
960 554 1078 594 narrare

169 628 267 686 solitus
288 637 341 697 est,
366 626 493 683 Romam
507 628 688 704 demigravit,
713 629 744 686 iu
769 631 885 704 loroque
899 650 964 688 esse
978 632 1075 708 coepit.

167 719 295 777 Primum
310 719 486 794 stipendium
500 724 606 782 meruit
620 743 761 782 annorum
775 727 876 782 decem
900 738 1077 801 septemque,

165 813 205 874 Q.
221 811 314 872 Fabio
328 813 469 900 Maximo,
485 817 527 877 M.
543 819 667 878 Claudio
686 819 826 878 Marcello
847 820 928 878 (loss.
971 821 1079 878 Tribu-

126 907 146 965 ὅ
166 925 220 963 nus
235 907 360 967 militurn
376 912 404 969 in
421 914 524 972 Sicilia
539 917 600 975 suit.
642 915 716 974 Inde
730 896 763 975 ut
775 916 869 989 rediit,
884 927 978 973 castra
996 934 1079 972 secu·

165 1010 268 1060 tuaest
281 1005 316 1062 Ο.
333 1008 451 1065 Claudii
465 1008 592 1070 Neronis
603 1008 786 1084 {magnique
800 1011 862 1086 ejus
875 1030 963 1085 opera
982 1010 1078 1067 existi-

165 1110 244 1155 mata
258 1113 302 1158 est
317 1102 346 1158 in
361 1104 462 1178 proelio
475 1106 551 1176 apud
567 1105 683 1168 Senam,
698 1121 755 1171 quo
769 1105 876 1160 cecidit
899 1104 1077 1177 Hasdrubal,

166 1192 456 1251 fraterHannibalis.
488 1193 629 1249 Questor'
641 1189 744 1258 obtigit
765 1190 797 1244 P.
824 1193 961 1250 Cornelio
984 1198 1078 1272 Scipi·

164 1285 214 1339 oni
229 1286 378 1352 Africano,
393 1281 523 1346 consuli3
545 1295 611 1334 cum
625 1295 680 1352 quo
690 1295 749 1333 non
769 1297 820 1352 pro
841 1282 925 1336 sortis
947 1291 1076 1344 necessi-

110 1378 146 1437 lt
166 1375 266 1434 tudine
286 1374 363 1430 vixit.
405 1371 539 1445 Namque
565 1373 601 1429 ab
623 1391 657 1429 eo
679 1372 819 1446 perpetua
841 1371 977 1430 dissensit
1003 1379 1071 1433 vita.

110 1531 131 1542 ,.
169 1468 275 1526 AEdilis
295 1464 388 1541 plebis
413 1465 506 1523 sactus
528 1478 572 1525 est
593 1487 661 1525 cum
674 1466 708 1524 (l.
731 1466 843 1523 Helvio.
883 1465 989 1524 Praetor
1008 1488 1071 1543 pro-

166 1563 289 1621 vinciam
303 1560 428 1619 obtinuit
440 1562 616 1636 Sardiniam,
631 1583 667 1620 ex
687 1564 743 1637 qud
766 1563 900 1633 Quaestor
924 1564 1067 1638 superiore

166 1671 292 1732 tempore
304 1675 339 1712 ex
354 1656 458 1714 Asricd
472 1659 618 1715 decedens
630 1658 671 1719 Q.
686 1657 815 1716 Ennium
835 1661 950 1732 poetam
964 1658 1070 1713 dedux-

111 1782 113 1789 ·
166 1761 247 1809 erat:
275 1751 352 1824 quod
377 1769 435 1809 non
460 1752 579 1810 minoris
601 1752 785 1825 aestimamus,
810 1750 898 1827 quarn
920 1751 1076 1826 quemlibet

110 1849 147 1909 15
167 1845 372 1920 amplissimum
389 1847 605 1903 Sardiniensem
619 1846 804 1921 triumphum.

206 1940 248 1997 ΙΙ.
289 1940 480 1998 Consulatum
491 1939 580 2014 gessit
594 1958 661 1996 cum
673 1940 706 1996 L.
723 1941 840 1999 Valerio
851 1941 960 2000 Flacco
972 1962 979 2011 ;
1001 1952 1075 1999 sorte

165 2034 343 2110 provinciam
358 2044 460 2090 nactus
476 2033 649 2108 Hispan-iam
663 2033 836 2107 citeriorem,
859 2056 953 2111 exque
974 2037 1009 2093 ed
1029 2036 1078 2094 tri·

166 2130 306 2205 umphum
330 2128 497 2204 deportavit.
540 2127 586 2183 Ibi
607 2147 696 2200 quum
718 2129 827 2186 diutius
850 2143 1020 2203 moraretur,
1044 2131 1076 2188 P.

169 2224 267 2298 Scipio
281 2224 439 2281 Africanus
453 2223 563 2279 Consul
578 2221 691 2293 iterum,
706 2221 789 2296 cnjus
803 2221 834 2278 in
857 2223 952 2296 priore
974 2243 1077 2282 consu·

108 2319 149 2378 tlt)
168 2319 227 2377 latu
242 2328 364 2392 quaestor
379 2318 481 2387 fuerat,
496 2315 585 2373 voluit
598 2333 665 2371 eum
689 2317 725 2371 de
749 2315 897 2390 provincii
922 2317 1077 2392 depellere,

167 2425 197 2470 et
220 2412 280 2487 ipse
305 2412 333 2468 ei
355 2411 520 2468 succedere.
561 2408 665 2484 Neque
686 2411 742 2468 boc
754 2429 806 2486 per
820 2423 952 2468 senatum
963 2414 1078 2471 efficere

167 2507 268 2583 potuit,
293 2524 381 2580 quum
408 2505 525 2580 quidem
554 2505 653 2582 Scipio
680 2506 710 2562 in
738 2506 854 2565 civitate
883 2508 1078 2584 principatum

167 2601 324 2670 obtineret3
346 2599 423 2675 qudd
438 2612 499 2658 turn
513 2619 572 2658 non
585 2601 724 2676 potentia,
740 2602 790 2658 sed
813 2601 888 2675 jure,
913 2602 1079 2677 respublica

169 2694 430 2751 administrabatur.
470 2693 541 2754 Qua
555 2714 592 2750 ex
605 2713 635 2750 re
651 2694 749 2765 iratus,
774 2695 927 2751 consulatu
949 2709 1077 2779 peracto,

108 2789 149 2848 25
169 2789 295 2864 privatus
310 2789 340 2844 in
354 2788 424 2844 urbe
439 2787 553 2844 mansit.
595 2788 636 2844 At
650 2787 734 2858 Cato,
757 2806 861 2844 censor
883 2808 950 2845 cum
975 2792 1076 2848 eodem

168 2883 277 2942 Flacco
289 2884 391 2954 factus,
406 2879 505 2939 severe
519 2881 632 2956 praefuit
652 2880 684 2937 'ei
707 2882 850 2957 potestati.
892 2883 970 2940 Nam
992 2897 1022 2943 et
1047 2886 1077 2943 in

169 2984 331 3057 complures
342 2981 453 3038 nobiles
468 2979 678 3051 animadvertit,
693 2991 723 3036 et
736 2981 840 3037 multas
865 2999 910 3037 res
934 3001 1023 3039 novas
1047 2984 1078 3040 in

169 3078 295 3135 edictum
312 3075 431 3147 addidit,
453 3092 541 3148 quare
562 3073 675 3131 luxuria
698 3074 909 3149 reprimeretur,
931 3095 995 3149 quae
1017 3077 1077 3152 jam

170 3183 231 3229 tum
259 3169 417 3243 incipiebat
442 3167 592 3242 pullulare.
647 3168 771 3225 Circiter
804 3188 895 3226 annos
920 3173 1078 3247 octoginta,

110 3266 152 3323 30
171 3281 260 3336 usque
276 3263 311 3318 ad
327 3273 483 3320 extremam
498 3271 611 3318 atatem
626 3262 662 3317 ab
685 3262 890 3335 adolescentis,
912 3263 1079 3340 reipublice

170 3356 259 3413 causa
286 3355 432 3430 suscipere
456 3354 623 3412 inimicitias
659 3375 718 3413 non
752 3357 870 3414 destitit.
926 3360 954 3417 A
982 3361 1080 3420 multis

171 3460 307 3520 tentatus,
322 3469 378 3507 non
401 3447 486 3507 modd
501 3449 612 3505 nullum
636 3450 839 3508 detrimentum
860 3453 1081 3514 existimationis

173 3544 250 3615 fecit,
265 3545 326 3616 sed,
341 3545 433 3618 quoad
448 3544 528 3617 vixit,
542 3544 679 3602 virtutum
692 3545 778 3602 laude
792 3544 889 3604 crevit.
