2392 4132
119 345 176 401 112
417 356 448 406 Τ.
465 356 669 407 POMPONIUS
685 356 847 406 A'l'l'ICUS.

176 513 268 588 inquit
290 513 474 590 Pomponius,
497 513 646 572 adverstim
665 533 709 571 ecs
732 532 773 569 me
796 514 863 570 celle
886 511 996 585 ducere,
1019 534 1083 573 eum

174 609 275 682 quibus
289 629 322 665 ne
343 617 443 665 contra
464 617 490 666 te
511 627 592 664 arma
603 607 724 683 ferrem,
747 608 866 663 Italiam
886 608 998 682 reliqui.
1042 610 1085 668 At

175 702 264 772 Sulla,
291 703 482 760 adolescentis
507 701 603 760 officio
635 702 807 773 collaudato,
834 702 932 759 omnia
958 720 1084 759 munera

174 795 211 864 ei,
226 815 288 869 quae
313 796 437 853 Athenis
459 807 620 872 acceperat,
643 796 829 871 proficiscens
853 795 938 870 jussit
964 796 1080 855 deferri.

135 887 235 945 5Hic
257 893 418 966 complures
440 911 531 950 annos
552 902 687 964 moratus,
715 910 802 965 quum
829 902 858 948 et
882 891 923 947 rei
946 891 1084 948 familiari

174 994 287 1041 tantum
307 1005 400 1061 operae
425 987 516 1059 daret,
538 997 676 1061 quantum
700 1005 759 1043 non
783 985 938 1061 indiligens
961 986 1081 1044 deberet

174 1080 389 1153 paterfamilias,
403 1093 433 1138 et
446 1081 543 1138 omnia
557 1081 666 1154 reliqua
679 1091 808 1155 tempora
832 1090 881 1136 aut
904 1079 1007 1137 litteris
1030 1090 1080 1137 aut

174 1174 397 1231 Atheniensium
411 1175 576 1251 reipublicae
597 1175 745 1246 tribueret,
767 1175 954 1232 nihilominus
978 1174 1080 1232 amicis

173 1269 284 1324 urbana
310 1269 405 1325 officia
431 1268 569 1344 praestitit.
611 1268 689 1324 Nam
717 1280 746 1326 et
773 1269 809 1325 ad
836 1268 954 1326 comitia
980 1288 1080 1327 eorum

117 1362 154 1419 10
173 1363 330 1435 ventitavit,
358 1375 387 1421 ct
413 1363 438 1420 si
464 1383 520 1438 qua
541 1383 587 1420 res
610 1364 700 1438 major
725 1374 789 1421 acta
813 1374 866 1435 cst,
889 1383 947 1422 non
970 1365 1078 1423 defuit:

173 1456 248 1514 sicut
262 1457 397 1514 Ciceroni
421 1458 450 1514 in
472 1457 606 1515 omnibus
630 1456 718 1535 [ejus]
744 1457 880 1532 periculis
904 1458 1079 1534 singularem

172 1551 259 1607 fidem
285 1552 427 1628 praebuit;
461 1553 510 1608 cui
544 1572 580 1609 ex
613 1553 705 1627 patriti
736 1552 858 1627 fugienti
885 1554 1080 1611 sestertiorum

172 1645 298 1703 ducenta
318 1658 348 1704 et
368 1647 575 1723 quinquaginta
596 1647 685 1704 millia
706 1647 830 1704 donavit.
871 1647 1080 1722 Tranquillatis

173 1752 268 1798 autem
291 1742 377 1799 rebus
398 1743 562 1818 remigravit
586 1742 720 1813 Romam,
745 1753 777 1799 ut
799 1741 909 1817 opinor,
937 1742 971 1800 L.
992 1744 1079 1802 Cotta

115 1834 153 1892 15
172 1847 201 1892 et
225 1836 257 1892 L.
286 1837 434 1911 Torquato
458 1837 651 1895 Consulibus:
672 1856 758 1911 quem
779 1835 857 1893 diem
878 1837 921 1894 sic
944 1837 1078 1896 universa

172 1929 272 1986 civitas
287 1930 510 1988 Atheniensium
524 1942 678 2006 prosecuta
691 1941 744 2003 est,
758 1941 791 1988 ut
803 1930 931 1988 lacrimis
941 1931 1078 1990 desiderii

171 2023 259 2080 futuri
273 2025 399 2082 dolorem
414 2026 566 2084 indicaret.

209 2117 245 2175 V.
288 2118 424 2178 Habebat
438 2121 609 2177 avunculum
625 2119 659 2176 L.
681 2119 843 2191 cecilium,
866 2119 993 2194 equitem
1018 2120 1079 2179 Ro-

170 2232 297 2285 manum,
325 2215 494 2272 familiarem
522 2214 555 2271 L.
584 2213 710 2285 Luculli,
746 2213 874 2286 divitem,
907 2213 1077 2271 difficillima

111 2307 151 2364 20
171 2308 292 2364 natura:
321 2307 404 2382 cujus
433 2308 475 2365 sic
503 2307 684 2383 asperitatem
712 2308 818 2365 veritus
844 2319 897 2380 est,
922 2320 964 2380 ut,
990 2327 1076 2383 quem

170 2419 255 2458 nemo
273 2402 347 2458 ferre
367 2413 473 2477 posset,
499 2402 584 2477 hujus
608 2401 670 2458 sine
693 2402 852 2460 offensione
877 2403 914 2459 ad
935 2422 1077 2461 summam

170 2506 348 2554 senectutem
369 2496 520 2554 retinuerit
544 2497 782 2555 benevolentiam.
822 2496 893 2557 Quo
914 2498 990 2557 facto
1011 2497 1077 2556 tulit

168 2591 284 2666 pietatis
305 2593 438 2650 fructum.
490 2591 627 2649 Caecilius
653 2592 731 2648 enim
758 2592 883 2650 moriens
903 2603 1077 2651 testamento

170 2686 314 2759 adoptavit
327 2705 403 2758 eum,
424 2688 615 2760 heredemque
636 2687 705 2745 feeit
725 2706 762 2744 ex
784 2687 941 2745 dodrante:
962 2707 1000 2747 ex
1018 2688 1076 2763 qut

109 2779 327 2837 traherentne
355 2780 467 2856 accepit
500 2780 614 2837 circiter
641 2780 752 2838 centies
782 2781 953 2840 sestertium.
1003 2782 1074 2841 Erat

168 2886 258 2950 nupta
279 2894 357 2932 soror
375 2875 466 2933 Attici
479 2874 519 2937 Q.
535 2874 635 2932 Tullio
656 2875 809 2933 Ciceroni:
830 2894 936 2950 easque
960 2877 1075 2953 nuptiae

168 2968 210 3026 M.
232 2969 337 3028 Cicero
350 2969 529 3040 conciliarat,
543 2988 610 3026 cum
624 2989 680 3044 quo
691 2990 708 3027 a
718 2968 948 3044 condiscipulatu
960 2970 1074 3029 vivebat

169 3063 415 3139 conjunctissime,
443 3062 534 3121 multo
569 3063 655 3121 etiam
687 3061 865 3135 familiaribs,
893 3062 980 3138 quam
1007 3084 1074 3123 cum

167 3156 303 3217 Quinto:
337 3169 370 3214 ut
400 3157 525 3232 judicari
551 3157 649 3232 possit,
676 3155 741 3234 plhs
765 3157 794 3215 in
823 3157 951 3215 amicitiai
979 3160 1075 3219 valere

109 3250 149 3307 30
169 3249 386 3308 similitudinem
422 3269 543 3322 morum,
580 3249 667 3325 quiam
702 3251 878 3309 affinitatem.
932 3251 1091 3313 Utebatur·

169 3355 264 3400 autem
292 3343 392 3402 intime
416 3345 457 3406 Q.
487 3344 652 3415 Hortensio,
671 3345 720 3419 qui
741 3345 777 3403 iis
797 3345 973 3421 temporibus
997 3348 1076 3422 prin·

168 3438 294 3512 cipetum
321 3439 490 3515 eloquentiae
517 3440 654 3497 tenebat:
682 3451 714 3497 ut
737 3439 859 3514 intelligi
885 3458 944 3497 non
967 3452 1075 3516 possm,

168 3542 232 3588 uter
244 3550 312 3588 eum
334 3531 400 3607 plius
423 3533 565 3609 diligeret,
580 3533 685 3592 Cicero
707 3552 744 3593 an
769 3533 962 3593 Hortensius:
983 3546 1014 3597 et
1034 3535 1093 3613 id„
