2392 4132
348 298 380 349 Τ.
396 297 602 348 POMPONIUS
617 297 781 349 austeus.
1023 289 1080 347 113

86 491 90 499 ·
112 458 189 534 quod
203 468 265 516 erat
278 456 489 528 difficillimum,
503 455 657 528 efficiebat,
680 467 721 527 ut,
744 455 818 514 inter
839 473 911 528 quos
932 464 1021 512 tantae

111 553 207 611 laudis
233 563 309 610 esset
336 550 490 622 emulatio,
515 550 595 607 nulla
621 550 814 609 intercederet
839 547 1020 616 obtrectatio,

112 659 245 722 essetque
260 646 359 704 talium
374 645 499 703 virorum
513 645 626 720 copula.

152 741 205 798 VI.
246 738 282 797 In
296 738 444 815 republica
459 739 500 796 ita
509 749 638 796 versatus
652 749 705 809 est,
717 747 749 794 ut
770 755 883 811 semper
904 735 1023 812 optima·

112 855 176 895 rum
190 835 314 912 partium
328 846 358 893 et
371 844 447 892 esset
460 845 490 891 et
510 833 731 903 existimaretur,
753 851 847 906 neque
869 843 967 917 tamen
991 850 1023 889 se
1041 831 1063 891 6

112 931 245 991 civilibus
259 929 395 988 fluctibus
408 927 610 1000 committeret,
623 924 702 1003 qudd
722 946 780 984 non
802 926 895 1002 magis
918 945 968 985 eos
992 926 1022 984 in

112 1025 166 1083 sni
191 1035 332 1100 potestate
358 1023 542 1081 existimabat
567 1041 641 1094 esse,
667 1021 717 1097 qui
743 1041 774 1079 se
798 1021 844 1079 his
865 1021 1022 1094 dedissent,

112 1118 199 1194 quam
211 1119 262 1194 qui
283 1118 434 1176 maritimis
454 1117 641 1194 jactarentur.
690 1116 824 1175 Honores
848 1136 907 1175 non
930 1117 1022 1192 petiit,

112 1233 201 1290 quum
215 1213 243 1272 ei
256 1225 398 1291 paterent,
419 1224 534 1289 propter
555 1212 599 1269 rel
621 1211 743 1288 gratiam
764 1211 809 1269 vel
831 1211 1022 1288 dignitatem:

111 1305 190 1383 qudd
216 1327 310 1383 neque
336 1307 396 1382 peti
422 1325 502 1365 more
528 1305 680 1382 majorum,
702 1325 796 1380 neque
819 1307 1023 1382 capipossent
1044 1306 1082 1365 lu

111 1403 290 1463 conservatis
303 1402 426 1477 legibus,
441 1400 472 1458 iu
485 1412 545 1459 tam
558 1401 658 1458 effusis
673 1401 797 1459 ambitirs
810 1401 1022 1477 largitionibus,

111 1517 206 1573 raeque
220 1497 281 1573 geri
294 1516 312 1554 e
325 1496 475 1572 republica
498 1496 562 1553 sine
574 1495 715 1571 periculo,
734 1496 875 1571 corruptis
896 1496 1022 1554 civitatis

111 1593 248 1652 moribus.
303 1592 352 1649 Ad
380 1593 493 1649 hastam
524 1590 671 1666 publicam
707 1609 855 1665 nunquam
891 1591 1021 1650 accessit.

110 1688 230 1746 Nullius
256 1686 299 1744 rei
330 1705 424 1761 neque
451 1705 535 1762 pras,
559 1705 653 1761 neque
681 1705 818 1761 manceps
851 1687 946 1744 sactus
968 1699 1021 1746 est.

110 1783 269 1842 Neminem
282 1801 376 1858 neque
390 1802 443 1840 suo
455 1781 584 1853 nomine,
598 1801 693 1856 neque
716 1781 912 1854 subscribens,
938 1801 1022 1840 accu·
1043 1785 1081 1841 15

111 1880 193 1941 savit
234 1877 271 1935 In
283 1878 330 1954 jus
350 1878 387 1935 de
399 1877 452 1935 sud
465 1897 496 1935 re
510 1895 659 1951 nunquam
679 1876 729 1934 iit:
749 1875 892 1952 judicium
910 1877 1022 1934 nullum

111 1974 221 2035 habuit.
263 1971 423 2031 Multorum
436 1972 588 2030 consulum
611 1984 820 2048 praetorumque
838 1974 1023 2048 praefecturas

110 2071 222 2129 delatas
236 2069 278 2127 sic
293 2067 415 2143 accepit,
429 2077 461 2125 ut
475 2067 622 2125 neminem
635 2067 667 2124 iu
680 2067 856 2143 provinciam
881 2069 918 2126 sit
942 2088 1023 2126 secu·

111 2176 169 2238 tus,
190 2166 298 2222 honore
322 2162 410 2221 suerit
431 2173 594 2236 contentus,
622 2162 665 2220 rei
689 2162 837 2220 familiaris
860 2164 1022 2239 despexerit

111 2262 254 2320 fructum:
276 2259 325 2335 qui
339 2279 377 2316 ne
392 2278 459 2317 cum
472 2259 513 2321 Q.
536 2258 653 2334 quidem
675 2258 818 2317 Cicerone
837 2259 959 2318 voluerit
979 2260 1022 2318 ire
1040 2261 1081 2319 2⁰

111 2355 143 2415 in
157 2355 271 2428 Asiam,
284 2374 372 2430 quum
385 2355 461 2429 apud
475 2373 542 2412 eum
556 2354 644 2430 legati
658 2354 754 2413 locum
771 2354 902 2414 obtinere
915 2368 1020 2432 posset.

111 2451 180 2510 Non
208 2451 286 2508 euim
314 2450 419 2507 decere
446 2468 478 2506 se
515 2448 717 2522 arbitrabatur,
746 2468 834 2524 quum
868 2463 1021 2525 praeturam

67 2538 71 2543 ’
110 2565 213 2624 gerere
235 2544 385 2616 noluisset,
407 2543 548 2600 asseclam
571 2562 635 2600 esse
657 2544 795 2618 praetoris.
835 2544 906 2606 Qut
933 2546 964 2603 in
990 2565 1022 2604 re

104 2660 170 2701 nou
183 2636 276 2721 solium
291 2637 425 2715 dignitati
446 2637 596 2710 serviebat,
619 2639 670 2695 sed
697 2638 785 2697 etiam
810 2640 1019 2715 tranquillitati,

109 2755 199 2811 quum
213 2734 392 2811 suspiciones
415 2753 527 2809 quoque
548 2733 651 2792 vitaret
675 2734 838 2793 criminum.
878 2737 949 2799 Quo
973 2738 1023 2795 fie·
1040 2738 1082 2797 ῦὸ

111 2831 169 2903 bat,
184 2829 290 2905 atejus
302 2828 485 2888 observantia
496 2828 632 2886 omnibus
645 2842 722 2887 esset
735 2830 838 2903 carior,
853 2850 940 2905 quum
957 2850 1022 2889 earn

109 2924 216 2998 officio,
230 2944 289 2983 non
303 2923 398 2982 timori
413 2941 506 2998 neque
520 2921 592 2998 spei,
603 2922 692 2980 tribui
705 2923 843 2982 riderent.

149 3019 220 3078 VII.
262 3017 371 3076 Incidit
382 3017 581 3075 Caesarianum
593 3015 678 3073 civile
692 3017 810 3090 bellum,
824 3037 913 3093 quum
936 3021 1024 3078 habe·

110 3127 154 3175 rot
168 3133 261 3173 annos
274 3113 390 3171 circiter
402 3111 560 3188 sexaginta.
603 3111 680 3170 Usus
693 3125 737 3170 est
751 3113 842 3172 aetatis
861 3115 1020 3189 vacatione,

110 3229 204 3286 neque
221 3207 280 3287 [se]
296 3205 440 3283 qudquam
453 3206 542 3266 movit
555 3226 591 3265 ex
614 3208 695 3285 urbe.
735 3209 813 3270 Quae
837 3210 938 3279 amicis
961 3211 1022 3270 suis
1041 3212 1081 3270 30

108 3324 182 3382 opus
196 3305 312 3363 fuerant
334 3304 368 3360 ad
392 3301 562 3378 Pompeium
585 3302 845 3378 proficiscentibus,
867 3306 965 3364 omnia
985 3327 1022 3366 ex

110 3399 163 3460 suti
176 3419 209 3459 re
223 3397 358 3457 familiari
385 3397 473 3454 dedit.
514 3396 613 3472 Ipsum
638 3398 808 3474 Pompeium
832 3401 1021 3476 conjunctum

111 3514 170 3557 non
184 3492 454 3628 offenditionpllum
468 3490 547 3550 enim
561 3492 647 3553 abeo
671 3494 797 3553 habebat
818 3511 1021 3556 ornamentum
