2392 4132
432 332 633 385 LYSANDER.
1011 325 1052 384 25

73 495 189 555 Horum
213 495 245 552 in
273 513 426 552 numerum
447 513 533 554 nemo
558 494 773 566 admittebatur,
794 492 851 550 nisi
871 492 921 568 qui
943 504 993 551 aut

73 595 138 671 ejus
158 592 282 669 hospitio
303 591 510 664 contineretur,
531 603 581 649 aut
601 610 632 648 se
653 590 731 647 illius
755 591 815 648 lore
845 589 993 666 proprium

74 691 131 748 lide
146 687 340 747 confirmarat.

114 784 156 841 II.
198 783 245 841 Ita
272 781 457 840 decemvirali
483 792 624 858 potestate
652 780 683 838 in
709 779 845 839 omnibus
871 779 992 837 urbibus

74 879 243 952 constituti,
269 878 360 954 ipsius
384 889 457 936 nutu
479 875 579 935 omnia
599 877 782 952 gerebantur.
837 875 931 951 Cujus
955 875 991 932 de
1011 875 1032 934 5

74 974 247 1033 crudelitate
272 993 306 1031 ac
330 972 452 1049 perfidia
479 968 550 1029 satis
576 983 630 1044 est,
657 990 746 1028 unam
771 989 842 1043 rem,
867 971 992 1047 exempli

74 1071 179 1147 gratid,
194 1070 331 1145 proferre,
346 1088 384 1126 ne
398 1068 434 1125 de
448 1068 551 1125 eodem
564 1067 648 1147 plura
671 1067 870 1125 enumerando
891 1066 993 1125 delati·

74 1185 177 1241 gemus
201 1162 490 1222 lectorem-Victor
517 1181 554 1219 ex
579 1162 652 1220 Asia
679 1181 767 1237 quum
792 1173 992 1235 reverteretur,

74 1259 265 1334 Thasumque
284 1259 463 1330 devertisset,
486 1256 563 1333 qudd
586 1277 622 1315 ea
643 1257 746 1316 civitas
760 1258 913 1335 praecipua
934 1258 992 1315 fide

36 1340 48 1363 ⁰
75 1357 169 1414 suerat
190 1374 260 1431 erga
274 1353 481 1425 Athenienses,
496 1352 617 1429 proinde
632 1372 667 1410 ac
681 1353 705 1410 si
725 1352 812 1410 iidem
834 1352 991 1410 firmissimi
1014 1353 1052 1410 10

73 1452 199 1510 solerent
212 1469 276 1508 esse
291 1449 388 1521 amici,
403 1449 452 1524 qui
467 1460 634 1507 constantes
649 1447 771 1506 luissent
791 1448 912 1521 inimici,
927 1466 992 1506 eam

72 1558 235 1624 pervertere
247 1544 421 1620 concupivit.
449 1544 533 1602 Vidit
545 1556 651 1615 autem,
663 1542 720 1600 nisi
732 1543 761 1599 in
772 1563 808 1601 eo
818 1544 993 1601 occultasset

73 1642 260 1713 voluntatem,
286 1642 424 1712 futurum,
450 1651 483 1697 ut
504 1637 609 1696 Thasii
630 1638 838 1709 dilaberentur,
860 1639 992 1695 consule-

72 1748 193 1812 rentque
208 1736 296 1793 rebus
309 1735 369 1793 suis
384 1734 460 1770 *m

111 1823 170 1889 III.
212 1831 249 1866 *⁴
264 1831 294 1889 hi
316 1829 539 1888 decemviralem
563 1827 673 1908 [suam]
697 1840 869 1906 potestatem
894 1829 931 1887 ab
955 1848 990 1888 eo
1013 1831 1060 1889 15-

73 1928 258 1986 constitutam
287 1928 474 1985 sustulerunt.
535 1926 607 1989 Quo
634 1927 732 1985 dolore
760 1927 898 1985 incensus
926 1927 991 1986 iniit

72 2022 203 2095 consilia,
215 2043 299 2100 reges
310 2022 598 2080 Lacedaemoniorum
613 2023 721 2080 tollere.
765 2023 823 2079 Sed
836 2023 990 2096 sentiebat,

73 2117 101 2174 id
116 2138 146 2175 se
161 2118 292 2193 siue'ope
307 2119 427 2175 deorum
442 2118 539 2175 facere
560 2137 618 2175 non
643 2136 737 2192 posse,
752 2116 830 2192 quod
855 2117 992 2175 Lacedae-

72 2213 160 2271 monii
175 2214 274 2272 omnia
288 2215 325 2271 ad
343 2213 463 2271 oracula
476 2214 583 2270 referre
598 2225 817 2271 consueverant.
860 2210 990 2270 Primum

72 2309 201 2385 Delphos
215 2328 400 2384 corrumpere
414 2320 459 2367 est
473 2320 603 2367 conatus.
644 2308 748 2371 Quum
763 2309 793 2366 id
808 2329 867 2367 non
881 2309 989 2386 potuis·
1008 2311 1049 2368 2⁰

71 2415 124 2476 set,
140 2404 301 2468 Dodonam,
309 2404 425 2462 adortus
439 2416 492 2462 est.
550 2404 631 2461 Hinc
645 2424 757 2480 quoque
771 2405 903 2481 repulsus
918 2405 991 2464 dixit

70 2519 102 2557 se
115 2513 181 2558 rota
200 2500 373 2576 suscepisse,
388 2519 452 2575 quae
473 2500 539 2558 Jovi
554 2500 712 2559 Hammoni
733 2502 871 2560 solveret:
893 2503 990 2560 existi-

69 2614 163 2668 mans,
178 2615 209 2653 se
234 2596 322 2653 Afros
348 2593 463 2653 facilius
485 2608 695 2672 corrupturum.
739 2597 806 2654 Hac
829 2617 878 2673 spe
900 2618 989 2674 quum

69 2692 216 2766 profectus
230 2702 307 2749 esset
321 2691 351 2747 in
366 2691 509 2764 Africam,
524 2690 648 2751 multum
663 2713 730 2750 eum
751 2694 894 2752 antistites
908 2695 989 2753 Jovis

70 2786 242 2844 fefellerunt.
285 2786 363 2844 Nam
385 2807 444 2845 non
470 2786 564 2846 solum
578 2790 724 2865 corrumpi
744 2810 801 2847 non
822 2801 988 2866 potuerunt,
1008 2792 1049 2849 25

69 2882 221 2940 sedetiam
232 2883 343 2959 legatos
354 2883 568 2941 Lacedaemona
582 2884 732 2956 miserunt,
745 2884 794 2958 qui
805 2885 988 2959 Lysandrum

69 2989 252 3051 accusarent,
277 2976 355 3054 qudd
379 2964 545 3036 sacerdotes
569 2978 630 3036 sani
657 2997 840 3053 corrumpere
868 2991 989 3037 conatus

67 3063 153 3132 esset.
196 3075 363 3132 Accusatus
383 3075 440 3132 hoc
460 3073 593 3147 crimine,
605 3074 738 3150 judicum
761 3074 909 3132 absolutus
926 3095 990 3133 seo·

67 3170 177 3243 tentiis,
190 3169 399 3228 Orchomeniis
417 3170 523 3227 missus
537 3155 676 3243 subsidio,
691 3169 807 3227 occisus
821 3182 864 3228 est
880 3190 896 3228 a
910 3171 990 3228 The-

67 3265 152 3324 banis
167 3266 243 3343 apud
259 3265 433 3324 Haliartum.
492 3263 594 3328 Quam
609 3264 676 3323 vere
691 3266 728 3322 de
742 3285 777 3322 eo
792 3266 865 3324 soret
876 3267 988 3342 judica·
1008 3266 1049 3325 30

66 3375 140 3436 tum,
159 3361 252 3421 oratio
273 3361 384 3420 indicio
407 3361 469 3433 fuit,
484 3380 549 3436 qua
562 3372 627 3437 post
648 3373 769 3419 mortem
784 3362 814 3419 in
829 3363 914 3420 domo
925 3362 988 3438 ejus

67 3471 181 3535 reperta
194 3469 250 3530 est,
265 3457 367 3533 in-qud
389 3458 492 3516 suadet
514 3456 757 3530 Lacedaemoniis,
781 3469 822 3529 ut,
837 3457 918 3533 regila
939 3476 989 3533 po-

67 3564 172 3614 testate
193 3551 343 3627 dissolutt,
363 3572 401 3613 er
420 3552 556 3612 omnibus
577 3554 636 3612 dux
656 3551 799 3631 deligatur
822 3552 857 3612 ad
879 3552 987 3611 bellurn
