2392 4132
352 305 383 358 Τ.
400 303 607 359 POMPONIUS
623 304 784 359 nameus.
1025 296 1082 357 109

153 461 212 523 ΙΙΙ.
253 465 290 523 In
310 465 445 525 omnibus
469 467 556 524 rebus
576 467 716 543 singulari
741 467 794 526 fuit
819 467 974 542 prudentii
993 479 1023 524 et

112 556 265 619 industria.
286 574 292 582 ·
307 560 384 617 Nam
398 572 428 619 et
442 562 569 636 agricole
579 563 678 634 solers,
687 574 716 620 et
725 562 891 638 reipublice
902 562 1021 636 peritus,

110 666 141 712 et
152 655 225 731 juris
240 657 399 727 consultus,
423 668 453 713 et
480 675 602 731 magnus
629 657 792 731 imperator,
814 668 843 713 et
866 655 1022 731 probabilis

104 724 216 822 orator,
236 762 265 807 et
289 750 494 824 cupidissimus
516 751 676 807 litterarum
701 751 762 808 fuit.
803 750 938 811 Quarum
965 761 1023 807 stu·

111 845 192 901 dium
207 844 261 902 etsi
281 845 377 902 senior
399 844 567 920 arripuerat,
592 835 688 902 tamen
710 857 822 903 tantum
844 845 874 902 in
896 845 939 902 eis
959 843 1061 920 pro-5

111 957 243 1013 gressum
257 938 336 1010 fecit,
351 950 382 996 ut
404 958 463 995 non
490 937 576 996 facile
598 939 723 1014 reperire
744 940 846 1014 possis,
870 959 963 1014 neque
986 941 1022 996 de

111 1032 233 1104 Graecis,
248 1052 341 1106 neque
353 1034 389 1088 de
404 1033 514 1090 Italicis
525 1034 621 1105 rebus,
635 1035 711 1108 quod
731 1034 759 1090 ei
783 1034 869 1092 suerit
892 1034 1022 1109 incogni-

112 1137 182 1183 tum.
237 1127 285 1182 Ab
326 1127 521 1184 adolescentia
555 1128 682 1186 confecit
717 1129 870 1186 orationes.
925 1129 1023 1186 Senex

111 1222 245 1280 historias
271 1221 397 1279 scribere
419 1222 553 1294 instituit,
574 1240 695 1296 quarum
720 1235 788 1281 sunt
811 1223 876 1280 libri
901 1235 1019 1299 septem.

111 1317 225 1376 Primus
237 1317 366 1376 eontinet
380 1337 426 1374 res
442 1328 539 1392 gestas
562 1333 663 1394 regum
687 1319 784 1393 populi
808 1319 955 1389 Romani3
978 1339 1021 1376 se·
1043 1319 1080 1376 1⁰

110 1414 225 1470 nundus
238 1425 268 1470 et
281 1414 392 1484 tertius,
403 1413 481 1469 unde
495 1431 615 1487 quaeque
629 1412 731 1470 civitas
750 1424 813 1470 orta
837 1413 874 1471 sit
898 1413 1019 1483 Italica3

110 1509 149 1565 ob
162 1527 248 1582 quam
271 1527 332 1565 rem
355 1526 456 1566 omncs
477 1506 616 1582 Origines
640 1507 751 1564 videtur
774 1508 941 1582 appellasse.
983 1507 1020 1563 In

110 1614 212 1677 quarto
240 1613 335 1659 autern
359 1602 466 1658 bellum
501 1600 653 1658 Poenicum
689 1601 833 1676 primum3
865 1600 895 1657 in
919 1601 1020 1676 quinto

110 1698 281 1753 secundum.
323 1697 421 1771 Atque
435 1698 498 1753 haro
518 1695 618 1754 omnia
641 1695 820 1771 capitulatim
844 1707 911 1753 sunt
932 1696 1018 1753 diota.

111 1790 293 1866 Reliquaque
308 1790 384 1848 bella
406 1789 469 1865 pari
492 1790 578 1848 modo
601 1800 770 1865 persecutus
793 1800 847 1861 est,
872 1808 961 1864 usque
984 1790 1020 1846 ad
1042 1788 1079 1846 15

109 1898 263 1961 praeturam
284 1887 347 1942 Ser.
369 1886 480 1957 Galbae,
505 1885 554 1960 qui
577 1884 696 1960 diripuit
717 1884 880 1942 Lusitanos
923 1885 1020 1959 Atque

110 1982 214 2038 horum
227 1981 366 2038 bellorum
380 1981 470 2036 duces
481 1999 540 2037 non
555 1979 723 2052 nominavit,
738 1980 789 2037 sed
814 1979 876 2036 sine
898 1979 1021 2037 nomini·

111 2074 165 2132 bus
179 2095 225 2132 res
238 2074 355 2133 notavit.
396 2074 433 2131 In
448 2073 550 2131 iisdem
565 2074 706 2149 exposuit,
720 2092 783 2148 quie
798 2074 828 2131 in
843 2075 928 2132 Italia
953 2075 1020 2131 His-

109 2168 260 2245 paniisque
297 2169 461 2226 viderentur
502 2168 690 2226 admiranda:
724 2167 754 2226 in
788 2168 892 2244 quibus
930 2170 1020 2227 multa

111 2261 253 2322 industria
266 2275 295 2321 et
308 2262 459 2338 diligentia
482 2274 637 2339 comparet,
662 2264 753 2321 multa
776 2264 915 2322 doctrina.
958 2264 1021 2320 Hu-
1039 2264 1079 2322 20

109 2358 157 2434 jus
170 2358 207 2415 de
222 2357 279 2416 virt
292 2370 322 2416 et
335 2358 463 2416 moribus
476 2359 559 2433 plura
573 2358 602 2414 in
616 2378 651 2416 eo
665 2358 738 2416 libro
751 2358 896 2435 persecuti
910 2376 1019 2429 sumus,

111 2472 198 2529 quem
212 2453 366 2529 separatim
386 2453 423 2509 de
444 2471 479 2510 eo
503 2453 626 2509 fecimus
652 2464 754 2529 rogatu
781 2452 845 2510 Titi
868 2452 1020 2528 Pomponii

112 2547 213 2606 Attici.
254 2547 357 2609 Quare
371 2546 513 2605 studiosos
527 2545 648 2604 Catonis
662 2546 698 2603 ad
722 2547 792 2603 illud
815 2548 948 2605 volumen
972 2547 1020 2603 de·

112 2643 251 2719 legamus.

451 2818 684 2831 ψ

152 3022 252 3081 XXV.
294 3019 340 3078 Τ.
371 3018 694 3079 POMPONIUS
728 3017 989 3077 ATTICUS.

151 3210 177 3269 Ι.
226 3210 313 3268 Titus
342 3209 519 3285 Pomponius
552 3209 676 3281 Atticus,
711 3209 748 3266 ab
780 3208 894 3284 origine
919 3207 1022 3266 ultimi
1040 3206 1081 3266 25

112 3305 207 3382 stirpis
221 3306 364 3363 Romanae
378 3316 543 3380 generatus,
557 3304 697 3379 perpetuo
714 3322 731 3360 a
744 3303 901 3379 majoribus
921 3323 1023 3379 accep
1064 3300 1077 3317 “

112 3411 171 3459 tam
185 3412 347 3476 equestrem
359 3398 485 3457 obtinuit
498 3398 678 3473 dignitatem.
719 3397 805 3455 Patre
820 3416 889 3454 usus
902 3410 946 3455 est
959 3397 1023 3455 dili-

111 3507 209 3572 gente,
224 3495 404 3572 indulgente,
418 3505 458 3568 et,
473 3505 505 3552 ut
518 3505 579 3551 tum
592 3478 674 3551 erant
689 3504 828 3569 tempora,
842 3491 906 3566 diti,
928 3492 1024 3570 impri-

319 3591 357 3648 1⁰
