2392 4132
426 292 713 347 virenterocnee.

52 484 57 491 ·
116 455 354 528 Atheniensium,
364 454 490 531 primum
501 457 577 532 apud
586 455 787 529 Artemisium,
796 456 1023 516 iuterEuboeam

115 551 372 625 continentemque
385 562 502 623 terram,
517 570 585 610 cum
599 552 757 611 classiariis
770 552 864 629 Regis
883 553 1023 614 conflixit.

119 646 279 722 Angustias
291 647 371 703 enim
385 645 601 705 Themistocles
614 648 771 723 quaerebat,
785 667 823 705 ne
837 648 1023 707 multitudine

115 741 326 800 circumiretur.
369 739 429 798 Hic
442 741 499 800 etsi
514 741 577 816 pari
589 742 691 817 proelio
704 742 910 816 discesserant,
924 755 1023 803 tamen

58 843 62 850 '
114 839 219 896 eodem
229 837 295 895 loco
305 856 364 895 non
375 847 444 894 sunt
455 836 518 893 ausi
529 855 647 895 manere
659 856 666 894 :
687 834 764 911 quod
775 849 838 896 erat
849 837 1022 914 periculum,
1061 840 1082 898 6

114 953 164 1005 ne,
179 933 204 990 si
223 951 290 1008 pars
304 931 422 989 narium
437 931 665 990 adversariorum
684 932 827 990 Euboeam
846 934 1022 1009 superasset,

115 1027 238 1103 ancipiti
251 1038 450 1103 premerentur
469 1025 608 1102 periculo.
649 1026 721 1088 Quo
741 1026 850 1085 lactum
870 1040 925 1100 est,
940 1040 971 1087 ut
986 1029 1023 1087 ab
1068 1072 1072 1080 .

115 1122 275 1181 Artemisio
298 1122 494 1194 discederent,
514 1133 544 1180 et
570 1122 759 1181 exadversum
786 1123 921 1181 Athenas
946 1124 1022 1200 apud

114 1219 267 1277 Salamina
279 1217 403 1275 classem
417 1235 500 1274 suem
513 1217 734 1276 constituerent

153 1308 207 1371 IV.
249 1313 291 1370 At
311 1311 437 1384 Xerxes,
459 1310 664 1388 Thermopylis
684 1313 868 1389 expugnatis,
891 1315 1023 1390 protinus
1044 1317 1083 1374 1⁰

114 1408 240 1467 accessit
255 1419 329 1480 astu,
344 1406 430 1483 idque
443 1407 532 1465 nullis
552 1408 787 1482 defendentibus,
803 1409 964 1468 interfectis
978 1431 1023 1469 sa·

114 1502 282 1562 eerdotibus
304 1518 376 1577 quos
401 1502 433 1560 in
460 1521 528 1561 erce
554 1503 715 1576 invenerat,
739 1503 877 1562 incendio
905 1506 1020 1565 delevit.

113 1599 208 1675 Cujus
222 1598 300 1656 fama
313 1597 458 1672 perterriti
473 1597 615 1655 classiarii
627 1617 716 1672 quum
730 1617 849 1657 manere
862 1618 920 1657 uon
936 1600 1023 1658 aude-

112 1705 190 1766 rent,
203 1705 234 1752 et
246 1692 363 1769 plurimi
377 1694 571 1764 hortarentur,
585 1702 618 1751 ut
631 1693 732 1751 domos
746 1711 814 1750 suas
827 1693 1021 1768 discederent,

113 1787 574 1864 moenibuequeeedelenderent;
597 1787 812 1846 Themistocles
820 1808 896 1846 unus
906 1790 1021 1864 restitit,
1044 1792 1081 1851 le

112 1897 144 1945 et
153 1885 303 1944 universos
316 1904 402 1960 pares
411 1903 476 1943 esse
490 1903 574 1960 posse
589 1883 695 1957 aiebat,
706 1884 851 1960 dispersos
861 1886 1022 1945 testabatur

113 1981 274 2058 perituroe;
296 1979 384 2055 idque
397 1979 569 2054 Eurybiadi,
584 1979 646 2055 regi
660 1978 959 2053 Lacedaemoniorum,
973 1982 1023 2058 qui

112 2087 175 2135 tum
197 2092 318 2133 summas
338 2073 452 2149 imperii
474 2083 606 2149 preerat,
629 2073 689 2132 fore
711 2073 880 2133 affirmabat.
921 2075 1022 2139 Quem

112 2190 203 2247 quum
216 2167 324 2241 minhs,
338 2166 425 2245 qudm
439 2169 535 2242 vellet,
545 2180 683 2242 moveret,
695 2179 794 2242 noctu,
809 2170 845 2227 de
859 2171 949 2228 servis
962 2171 1023 2230 suis

111 2286 199 2343 quem
213 2265 316 2325 habuit
328 2264 540 2337 fidelissimum,
555 2265 592 2323 ad
605 2264 722 2340 Regem
735 2265 824 2339 misit,
838 2278 871 2325 ut
884 2265 912 2324 ei
925 2267 1023 2326 nunti·
1040 2269 1083 2329 2⁰

113 2373 176 2422 eret
189 2364 251 2421 suis
263 2360 370 2433 verbis,
385 2359 564 2419 adversarios
579 2360 644 2436 ejus
662 2359 693 2417 in
715 2361 785 2436 fugit
805 2380 878 2419 esse.
919 2362 983 2424 Qui
997 2363 1023 2421 si

112 2456 326 2528 discessissent,
335 2455 445 2531 majore
455 2474 524 2513 cum
534 2455 633 2514 labore
643 2455 885 2532 etlonginqniore
893 2469 1022 2534 tempore

112 2553 222 2611 bellum
231 2552 538 2625 confecturum,quum
546 2549 676 2626 singulos
685 2542 1021 2629 consectarioogeretur3

111 2666 184 2724 quoe
193 2645 324 2706 sistatim
334 2645 550 2722 aggrederetur,
559 2644 640 2703 brevi
650 2645 800 2705 universos
808 2667 1021 2724 oppressurum.

112 2743 181 2801 Hoc
200 2741 237 2801 eb
257 2741 383 2815 valebat,
403 2752 437 2799 ut
457 2740 590 2817 ingratiis
613 2741 650 2799 ad
671 2741 898 2818 depugnandum
918 2763 1020 2802 omnes
1040 2744 1082 2803 25

111 2847 295 2913 cogerentur.
336 2835 405 2894 Hso
426 2855 458 2894 re
481 2835 591 2909 auditi,
605 2836 761 2908 Barbarus,
780 2836 853 2894 nihil
876 2837 934 2895 doli
955 2837 1022 2894 sub-

111 2951 178 2991 esse
201 2932 336 3004 credens,
363 2929 503 3008 postridie
529 2928 790 2988 alienissimo-sibi
816 2930 891 3003 loeo,
919 2943 1020 2991 contra

110 3026 356 3104 opportunissimo
369 3024 511 3098 hostibus,
524 3021 597 3082 adesi
612 3034 737 3100 angusto
750 3023 824 3083 meri
837 3023 977 3100 conflixit,
989 3037 1022 3086 ut

110 3122 176 3200 ejus
189 3121 345 3181 multitudo
362 3120 480 3180 navium
500 3117 641 3196 explicari
660 3137 719 3179 non
739 3118 873 3195 potuerit.
914 3120 1019 3181 Victus

110 3234 183 3294 ergo
208 3227 254 3277 est
286 3215 381 3293 magis
413 3214 536 3275 consilio
569 3213 789 3288 Themistoclis,
813 3213 902 3292 quim
933 3216 1020 3276 armis
1039 3219 1081 3277 30

110 3310 245 3372 Grueie.

120 3413 123 3418 ’
151 3405 189 3466 V.
231 3405 292 3465 Hic
305 3404 360 3465 etsi
371 3404 448 3464 male
458 3424 521 3464 rem
530 3415 671 3481 gesserat,
679 3414 778 3464 tamen
788 3417 884 3464 tantas
894 3406 1020 3464 habebat

109 3498 251 3578 reliquias
263 3499 425 3578 copiarum,
440 3509 473 3560 ut
484 3498 574 3559 etiam
594 3517 663 3557 cum
683 3498 730 3562 his
742 3499 904 3578 opprimere
922 3510 1020 3578 posset
