2392 4132
426 341 696 393 EPAMlNONDAS.
1039 332 1077 388 67

111 519 178 566 sunt
200 503 375 564 testimonia
415 503 518 565 Quum
541 522 608 560 eum
634 514 749 578 propter
777 501 914 558 invidiam
942 498 1021 556 eires

109 603 257 680 praeficere
283 600 424 658 exercitui
451 599 620 671 noluissent,
648 599 763 673 duxque
790 609 867 655 esset
890 597 1020 653 delectus
1047 666 1053 675 ἱ

110 700 178 757 belli
188 696 349 774 imperitus,
363 696 447 772 cujus
459 714 555 753 errore
568 693 604 752 ed
619 707 696 752 esset
709 695 835 752 deduota
857 693 912 750 illa·
926 691 1021 749 multi-

110 795 180 853 tudo
194 793 328 865 militum,
343 803 375 850 ut
384 810 485 849 omues
499 791 536 847 de
560 791 652 848 salute
674 790 921 866 pertimescerent,
943 785 1019 861 qudd

110 889 239 946 locorum
247 885 390 962 angustiis
398 884 490 942 clausi
501 885 538 941 ab
549 884 679 942 hostibus
689 883 912 952 obsidebantur,
927 881 1022 939 desid·
1039 882 1060 938 ὅ

110 982 185 1040 erari
199 992 294 1057 ooepta
307 992 352 1038 est
365 979 574 1055 Epaminondae
589 978 748 1054 diligentia.
789 977 861 1036 Erat
877 978 956 1035 enim
980 975 1021 1032 ibi

110 1077 238 1152 privatus
251 1094 371 1132 numero
385 1073 492 1132 militis.
533 1073 562 1130 A
584 1091 641 1148 quo
661 1091 749 1148 quum
772 1084 904 1149 peterent
926 1091 1021 1148 opem,

111 1171 219 1227 nullam
244 1168 377 1226 adhibuit
397 1167 565 1226 memoriam
586 1168 778 1241 oontumelite,
801 1180 830 1226 et
851 1166 1020 1239 exercitum,

111 1264 557 1336 obsidioneliberatum,domum
566 1263 681 1321 reduxit
692 1263 875 1322 incolumem.
916 1261 1020 1337 Neque

111 1358 179 1418 verb
190 1361 246 1418 hoo
256 1359 346 1417 semel
360 1357 439 1430 feeit,
464 1359 514 1415 sed
539 1357 651 1433 saepius.
694 1357 824 1416 Maxime
844 1372 940 1417 autem
965 1360 1019 1418 luit
1044 1361 1080 1417 to

112 1455 231 1528 illustre,
245 1473 334 1530 quum
348 1454 379 1511 in
397 1453 628 1528 Peloponnesum
650 1453 808 1511 exereitum
823 1453 952 1511 duxisset
974 1455 1022 1512 ad-

113 1548 211 1608 sersus
225 1547 471 1621 Lacedaemonios,
487 1548 661 1622 haberetque
674 1548 800 1624 collegas
809 1549 890 1620 duos,
899 1568 1021 1622 quorum

112 1645 184 1702 ulter
196 1654 259 1701 erat
272 1642 434 1717 Pelopidas,
448 1642 491 1700 vir
505 1642 586 1699 fortis
610 1660 645 1698 ao
666 1653 808 1699 strenuus.
852 1642 912 1699 Hio
933 1663 1022 1717 quum

112 1738 283 1796 criminibus
297 1738 524 1795 aduersariorum
537 1756 639 1794 omnes
653 1736 684 1793 in
705 1737 842 1794 invidiam
864 1737 1020 1811 venissent,

112 1836 149 1893 ob
162 1852 284 1909 eamque
297 1852 358 1891 rem
372 1832 525 1908 imperium
538 1832 584 1889 his
596 1843 673 1890 esset
692 1833 871 1909 abrogatum,
886 1844 971 1909 atque
990 1833 1021 1891 in
1043 1834 1081 1891 15
1113 1905 1117 1911 ἢ

112 1951 212 1991 eorum
226 1933 322 1990 losum
336 1930 384 1989 alii
403 1941 539 2006 pretores
558 1929 783 2000 successissent;
805 1929 1022 2006 Epaminondas

112 2027 283 2104 populiscito
305 2046 365 2086 non
388 2025 492 2102 paruit,
518 2025 651 2100 idemque
673 2036 706 2084 ut
729 2027 859 2085 facerent
879 2026 1021 2102 persuasit

112 2124 242 2200 collegis,
264 2135 293 2182 et
317 2123 435 2194 bellum,
456 2121 533 2197 quod
555 2133 730 2197 suseeperat,
749 2121 846 2197 gessit.
888 2120 1022 2196 Namque

113 2220 368 2292 animadvertebat,
380 2217 436 2276 nisi
450 2217 480 2274 id
494 2217 620 2290 fecisset,
629 2228 721 2276 totum
735 2217 894 2275 exercitum
907 2228 1021 2293 propter

112 2327 265 2392 pratorum
279 2313 501 2390 imprudentiam
516 2311 756 2386 inscientiamque
770 2312 838 2368 belli
853 2311 1020 2388 periturum.
1039 2310 1081 2369 20

114 2410 177 2468 Lex
188 2420 252 2467 erat
265 2408 389 2481 Thebis,
400 2426 464 2483 quae
478 2420 569 2466 morte
583 2407 734 2478 multabat,
748 2406 773 2463 si
787 2407 851 2481 quis
865 2407 1017 2483 imperium

113 2505 222 2564 diutius
233 2504 409 2576 retinuisset,
423 2500 510 2579 qudm
529 2503 593 2579 lege
615 2502 788 2578 prefinitum
810 2503 890 2560 foret.
932 2503 1020 2562 Hane

113 2600 330 2677 Epaminondas
347 2617 437 2674 quum
456 2596 622 2673 reipublioae
643 2597 847 2654 conservande
872 2598 961 2654 causti
983 2599 1023 2656 la·

105 2707 171 2755 'tam
183 2696 305 2768 videret,
319 2695 355 2753 ad
369 2693 528 2770 perniciem
555 2692 680 2751 civitatis
698 2692 830 2749 conferre
859 2694 968 2763 noluit;
993 2706 1023 2752 et

112 2804 233 2867 quatuor
247 2791 396 2849 mensibus
409 2789 528 2861 diutius,
542 2786 629 2863 qudm
642 2788 766 2864 populus
776 2788 910 2862 jusserat,
933 2789 1022 2864 gessit
1040 2791 1081 2848 25

113 2885 274 2964 imperium.

150 2981 238 3040 VIII.
280 2980 434 3056 Postquam
455 2980 573 3038 domum
594 2977 719 3035 reditum
741 2987 796 3048 est,
818 2976 937 3051 oollegae
960 2977 1024 3053 ejus

112 3076 168 3135 boo
193 3075 316 3134 erimine
343 3075 563 3133 accusabantur.
612 3071 732 3133 Quibus
755 3070 803 3128 ille
827 3069 967 3145 permisit,
992 3086 1024 3133 ut

112 3190 228 3230 omnem
239 3188 357 3228 oausam
371 3168 402 3227 in
413 3188 445 3227 se
459 3169 656 3239 transferrent,
679 3162 788 3241 subque
808 3166 896 3241 operd
915 3168 1023 3226 factum

112 3267 332 3337 oontenderent,
347 3275 379 3323 ut
397 3263 455 3340 legi
479 3282 538 3321 non
561 3263 720 3321 obedirent.
760 3261 832 3323 Qua
855 3261 1083 3322 defensionem

113 3361 170 3420 illis
181 3360 312 3438 periculo
324 3359 463 3432 liberatis,
476 3373 563 3415 nemo
576 3356 809 3434 Epaminondam
821 3376 1025 3433 responsurum

112 3459 243 3534 putabat,
269 3454 358 3533 qudd‚
385 3454 455 3531 quid
481 3453 601 3525 diceret,
625 3471 684 3511 non
708 3452 835 3510 haberet.
877 3453 918 3511 At
931 3453 979 3511 ille
994 3455 1024 3511 in

111 3551 254 3630 judicium
279 3550 375 3611 venit:
399 3549 472 3609 nibil
498 3566 599 3609 eorum
624 3545 752 3624 negarit,
778 3565 843 3622 que
868 3548 1023 3607 adversarii
