2392 4132
109 334 132 394 8
486 338 694 391 murmuras.

168 502 269 578 procul
284 501 314 557 in
325 489 488 558 continenti
501 500 596 573 lucus,
610 499 660 574 qui
674 518 710 556 ex
733 498 826 557 inauli
838 499 1082 576 conspiciebatur,

169 596 268 654 nescio
281 615 339 672 quo
352 614 422 653 cusu
432 607 575 654 nocturno
588 605 716 670 tempore
740 593 879 652 incensus
896 606 948 653 est.
989 595 1083 672 Cujus

170 690 286 748 flamma
312 701 345 749 ut
371 691 407 747 ab
434 689 587 766 oppidanis
613 701 643 748 et
668 690 915 766 oppugnatoribus
942 701 986 749 est
1009 691 1082 765 visa,

169 786 296 860 utrisque
311 785 431 844 venitin
444 786 622 862 opinionem,
636 784 752 861 signum
768 803 785 842 a
798 784 952 843 classiariis
977 786 1083 862 Regiis

128 882 150 939 ὅ
169 881 277 939 datum.
318 880 389 942 Quo
404 881 513 939 lactum
527 892 581 953 est,
594 891 628 939 ut
650 891 680 938 et
694 879 773 938 Parii
788 897 805 936 a
818 880 966 938 deditione
990 881 1084 939 deter-

169 987 312 1049 rerentur,
326 987 355 1034 et
369 975 528 1049 Miltiades,
548 974 654 1033 timens
675 993 714 1032 ne
733 974 836 1032 classis
856 973 955 1050 Regia
978 975 1083 1033 adven-

169 1081 253 1143 taret,
268 1070 397 1128 incensis
409 1070 546 1146 operibus
559 1088 622 1144 que
646 1079 796 1142 statuerat,
807 1087 875 1126 cum
889 1069 1009 1147 totidem
1032 1090 1083 1128 na-

168 1165 252 1222 vibus
266 1177 351 1241 atque
364 1177 427 1223 erat
439 1166 596 1241 profectus,
611 1164 745 1222 Athenas
771 1163 879 1240 magna
902 1182 970 1221 cum
994 1165 1083 1222 offen-

167 1260 251 1318 sione
265 1261 372 1319 civium
387 1278 504 1318 suorum
524 1260 640 1318 rediret.
683 1259 850 1317 Accusatus
870 1278 940 1336 ergo
963 1260 1081 1336 proditi-

112 1355 150 1413 lu
168 1354 243 1428 onis,
268 1354 356 1430 qudd,
381 1374 470 1431 quum
493 1354 600 1412 Parum
624 1372 791 1430 expugnare
817 1365 925 1428 posset,
954 1372 972 1410 a
996 1353 1081 1431 Rege

154 1444 156 1449 ’
169 1462 320 1527 corruptus
334 1450 450 1509 iniectis
469 1450 555 1508 rebus
568 1448 759 1507 discessisset.
801 1448 846 1507 Eo
859 1459 988 1524 tempore
1005 1467 1081 1525 aeger

169 1557 232 1604 erat
245 1546 422 1618 vulneribus,
434 1562 498 1621 quae
516 1545 547 1602 in
570 1544 765 1621 oppugnando
788 1543 895 1620 oppido
919 1555 1081 1620 acceperat.

169 1641 273 1717 Itaque
292 1641 429 1716 quoniam
450 1641 512 1718 ipse
535 1659 587 1718 pro
611 1639 762 1698 aedicere
785 1658 844 1698 non
867 1650 974 1715 posset,
996 1639 1083 1696 verba

54 1796 57 1803 ,
168 1755 221 1812 pro
247 1756 282 1795 eo
314 1737 384 1796 lecit
408 1738 495 1796 frater
521 1737 585 1812 ejus
609 1735 776 1812 Tisagoras.
829 1735 927 1793 Causa
954 1734 1082 1810 cogniti,

111 1831 150 1889 15
169 1831 273 1908 capitis
287 1832 445 1903 absolutus,
459 1830 585 1906 pecunia
599 1830 738 1886 multatus
751 1840 805 1901 est,
829 1847 921 1903 eaque
942 1829 978 1886 lis
1001 1828 1083 1904 quin-

168 1926 308 2002 quaginta
333 1923 450 1982 talentis
476 1922 618 1980 aestimata
644 1933 699 1994 est,
731 1933 857 1997 quantus
891 1922 922 1978 in
959 1924 1082 1981 classem

169 2031 301 2096 sumptus
315 2019 491 2077 factuserat.
533 2017 621 2074 Hanc
640 2016 796 2092 pecuniam
819 2013 897 2092 qubd
920 2017 1029 2074 solvere
1052 2018 1080 2074 in

169 2114 323 2192 presentia
336 2132 396 2172 non
409 2123 531 2190 poterat,
546 2111 576 2169 in
590 2110 708 2168 vincula
730 2110 848 2187 publica
861 2109 1012 2186 conjectus
1026 2125 1081 2186 est,

170 2211 267 2286 ibique
281 2209 359 2268 diem
372 2208 445 2268 obiit
458 2225 633 2284 supremum.
769 2196 809 2221 '*

108 2306 151 2366 2⁰
210 2303 299 2364 vm.
341 2303 401 2361 Hic
414 2302 471 2361 etsi
484 2301 607 2360 crimine
620 2300 706 2359 Pario
725 2312 770 2359 est
794 2312 959 2374 accusatus,
982 2312 1081 2360 tamen

170 2401 227 2459 alia
253 2399 308 2458 fuit
333 2416 423 2456 causa
454 2395 657 2455 damnationis.
710 2396 847 2471 Namque
884 2397 1082 2458 Athenienses

168 2508 284 2574 propter
304 2493 448 2552 Pisistrati
478 2491 673 2569 tyrannidem,
694 2510 758 2568 quse
782 2492 884 2569 paucis
904 2493 988 2550 annis
1013 2493 1080 2553 ante

170 2594 272 2663 litarat,
284 2589 415 2649 omnium
429 2606 547 2647 suorum
556 2587 663 2645 civium
673 2589 832 2664 potentiam
843 2588 1081 2648 extimescebam.

170 2686 329 2759 Miltiades,
341 2683 465 2744 multdm
477 2685 507 2742 in
519 2683 648 2759 imperiis
657 2683 931 2760 magistratibusque
941 2696 1081 2758 versatus,

108 2784 150 2842 at
169 2802 228 2842 non
242 2781 393 2840 ridebatur
406 2799 490 2857 posse
503 2798 568 2837 esse
580 2779 719 2856 privatus,
739 2779 898 2856 praesertim
912 2799 1001 2855 quum
1015 2800 1083 2839 con-

168 2877 323 2938 suetudine
338 2877 374 2934 ad
389 2875 502 2953 imperii
516 2875 705 2952 cupiditatem
719 2875 795 2935 trahi
807 2875 961 2934 videretur.
1004 2874 1082 2934 Nam

58 3047 66 3059 Ι
168 2973 346 3034 Chersonesi
358 2991 460 3032 omnes
474 2972 548 3044 illos,
562 2991 634 3048 quos
645 2971 800 3047 habitarat,
813 2991 904 3032 annos
913 2984 1082 3049 perpetuam

168 3072 333 3131 obtinuerat
344 3068 581 3142 dominationem,
596 3076 792 3145 tyrannusque
806 3069 898 3126 luerat
912 3068 1081 3144 appellatus,

169 3166 221 3225 sed
232 3165 336 3242 justus.
377 3165 446 3223 Non
460 3164 613 3224 eratenim
635 3164 663 3221 vi
683 3173 869 3234 consecutus,
891 3162 942 3219 sed
964 3182 1080 3241 suorum

108 3262 151 3322 30
169 3261 453 3335 voluntate,eamqne
460 3269 631 3336 potestatem
640 3257 769 3315 bonitate
777 3256 944 3315 retinuerat.
966 3256 1080 3314 Omnes

169 3367 266 3416 autem
286 3366 317 3413 et
340 3355 482 3413 habentur
500 3368 531 3412 et
554 3354 691 3411 dicuntur
711 3352 842 3429 tyranni,
866 3352 916 3427 qui
938 3363 1080 3428 potestate

170 3463 238 3513 sunt
250 3451 390 3528 perpetui
404 3450 434 3508 in
444 3451 481 3508 ed
495 3449 622 3523 civitate,
635 3465 699 3525 quse
712 3448 846 3506 libertate
859 3466 913 3507 usa
925 3459 978 3506 est.
1021 3448 1079 3505 Sed

170 3547 201 3607 in
226 3545 359 3608 Miltiade
385 3557 447 3606 erat
472 3563 562 3623 quum
586 3562 699 3617 summa
725 3542 900 3617 humanitas,
924 3555 986 3602 tum
1007 3543 1081 3602 mira
