<?xml version="1.0" encoding="UTF-8"?>
<!DOCTYPE html PUBLIC "-//W3C//DTD XHTML 1.0 Transitional//EN"
    "http://www.w3.org/TR/xhtml1/DTD/xhtml1-transitional.dtd">
<html xmlns="http://www.w3.org/1999/xhtml" xml:lang="en" lang="en">
 <head>
  <title>
</title>
<meta http-equiv="Content-Type" content="text/html;charset=utf-8" />
  <meta name='ocr-system' content='tesseract 3.04.00' />
  <meta name='ocr-capabilities' content='ocr_page ocr_carea ocr_par ocr_line ocrx_word'/>
</head>
<body>
  <div class='ocr_page' id='page_1' title='image "./devitaexcellent00nepogoog_0044.png"; bbox 0 0 2392 4132; ppageno 0'>
   <div class='ocr_carea' id='block_1_1' title="bbox 473 294 1103 389">
    <p class='ocr_par' dir='ltr' id='par_1_1' title="bbox 473 294 1103 389">
     <span class='ocr_line' id='line_1_1' title="bbox 473 294 1103 389; baseline 0.011 -7"><span class='ocrx_word' id='word_1_1' title='bbox 473 294 701 383; x_wconf 70' lang='lat' dir='ltr'>ALcIBIADas</span> <span class='ocrx_word' id='word_1_2' title='bbox 1063 329 1103 389; x_wconf 76' lang='grc'>33</span> 
     </span>
    </p>
   </div>
   <div class='ocr_carea' id='block_1_2' title="bbox 47 489 1138 3622">
    <p class='ocr_par' dir='ltr' id='par_1_2' title="bbox 47 489 1138 3622">
     <span class='ocr_line' id='line_1_2' title="bbox 126 489 1044 568; baseline 0.004 -19"><span class='ocrx_word' id='word_1_3' title='bbox 126 491 292 550; x_wconf 66' lang='lat' dir='ltr'>exercitiis!</span> <span class='ocrx_word' id='word_1_4' title='bbox 331 489 436 566; x_wconf 80' lang='lat' dir='ltr'>Neque</span> <span class='ocrx_word' id='word_1_5' title='bbox 450 511 485 549; x_wconf 89' lang='lat' dir='ltr'>ea</span> <span class='ocrx_word' id='word_1_6' title='bbox 498 512 545 550; x_wconf 91' lang='lat' dir='ltr'>res</span> <span class='ocrx_word' id='word_1_7' title='bbox 559 493 640 550; x_wconf 91' lang='lat' dir='ltr'>illum</span> <span class='ocrx_word' id='word_1_8' title='bbox 652 492 762 551; x_wconf 87' lang='lat' dir='ltr'>fefellit.</span> <span class='ocrx_word' id='word_1_9' title='bbox 804 492 881 550; x_wconf 84' lang='lat' dir='ltr'>Nam</span> <span class='ocrx_word' id='word_1_10' title='bbox 893 491 1044 568; x_wconf 79' lang='lat' dir='ltr'>Lysander</span> 
     </span>
     <span class='ocr_line' id='line_1_3' title="bbox 126 587 1043 664; baseline 0.007 -22"><span class='ocrx_word' id='word_1_11' title='bbox 126 605 214 662; x_wconf 87' lang='lat' dir='ltr'>quum</span> <span class='ocrx_word' id='word_1_12' title='bbox 228 605 280 661; x_wconf 93' lang='lat' dir='ltr'>per</span> <span class='ocrx_word' id='word_1_13' title='bbox 295 587 491 662; x_wconf 81' lang='lat' dir='ltr'><strong>speculatores</strong></span> <span class='ocrx_word' id='word_1_14' title='bbox 504 589 703 664; x_wconf 83' lang='lat' dir='ltr'>comperisset,</span> <span class='ocrx_word' id='word_1_15' title='bbox 722 589 841 664; x_wconf 86' lang='lat' dir='ltr'>vulgum</span> <span class='ocrx_word' id='word_1_16' title='bbox 855 588 1043 649; x_wconf 85' lang='lat' dir='ltr'>Atheniensi·</span> 
     </span>
     <span class='ocr_line' id='line_1_4' title="bbox 127 681 1043 761; baseline 0.008 -23"><span class='ocrx_word' id='word_1_17' title='bbox 127 701 175 738; x_wconf 93' lang='lat' dir='ltr'>um</span> <span class='ocrx_word' id='word_1_18' title='bbox 190 681 340 739; x_wconf 89' lang='lat' dir='ltr'>interram</span> <span class='ocrx_word' id='word_1_19' title='bbox 362 684 522 757; x_wconf 85' lang='lat' dir='ltr'>praedatum</span> <span class='ocrx_word' id='word_1_20' title='bbox 543 683 649 755; x_wconf 77' lang='lat' dir='ltr'>exisse,</span> <span class='ocrx_word' id='word_1_21' title='bbox 671 702 816 759; x_wconf 83' lang='lat' dir='ltr'>navesque</span> <span class='ocrx_word' id='word_1_22' title='bbox 834 682 915 761; x_wconf 71' lang='lat' dir='ltr'>paend</span> <span class='ocrx_word' id='word_1_23' title='bbox 939 685 1043 745; x_wconf 89' lang='lat' dir='ltr'>inanes</span> 
     </span>
     <span class='ocr_line' id='line_1_5' title="bbox 125 777 1043 857; baseline 0.002 -21"><span class='ocrx_word' id='word_1_24' title='bbox 125 777 251 849; x_wconf 90' lang='lat' dir='ltr'>relictas,</span> <span class='ocrx_word' id='word_1_25' title='bbox 267 789 380 853; x_wconf 87' lang='lat' dir='ltr'>tempus</span> <span class='ocrx_word' id='word_1_26' title='bbox 394 777 436 834; x_wconf 89' lang='lat' dir='ltr'>rei</span> <span class='ocrx_word' id='word_1_27' title='bbox 450 779 586 854; x_wconf 73' lang='lat' dir='ltr'>gerenda</span> <span class='ocrx_word' id='word_1_28' title='bbox 600 799 659 836; x_wconf 89' lang='lat' dir='ltr'>non</span> <span class='ocrx_word' id='word_1_29' title='bbox 677 779 797 852; x_wconf 85' lang='lat' dir='ltr'>dimisit,</span> <span class='ocrx_word' id='word_1_30' title='bbox 819 799 911 856; x_wconf 89' lang='lat' dir='ltr'>eoque</span> <span class='ocrx_word' id='word_1_31' title='bbox 933 780 1043 857; x_wconf 89' lang='lat' dir='ltr'>impetu</span> 
     </span>
     <span class='ocr_line' id='line_1_6' title="bbox 127 871 1084 937; baseline 0.001 -8"><span class='ocrx_word' id='word_1_32' title='bbox 127 882 216 930; x_wconf 90' lang='lat' dir='ltr'>totum</span> <span class='ocrx_word' id='word_1_33' title='bbox 232 872 340 928; x_wconf 91' lang='lat' dir='ltr'>bellum</span> <span class='ocrx_word' id='word_1_34' title='bbox 353 871 467 930; x_wconf 84' lang='lat' dir='ltr'>delevit.</span> <span class='ocrx_word' id='word_1_35' title='bbox 1062 878 1084 937; x_wconf 82' lang='lat'><strong>5</strong></span> 
     </span>
     <span class='ocr_line' id='line_1_7' title="bbox 167 966 1043 1043; baseline 0.009 -21"><span class='ocrx_word' id='word_1_36' title='bbox 167 966 222 1024; x_wconf 89' lang='lat' dir='ltr'>lX.</span> <span class='ocrx_word' id='word_1_37' title='bbox 264 967 306 1026; x_wconf 90' lang='lat' dir='ltr'>At</span> <span class='ocrx_word' id='word_1_38' title='bbox 319 967 500 1041; x_wconf 71' lang='lat' dir='ltr'>Alcibiades,</span> <span class='ocrx_word' id='word_1_39' title='bbox 522 967 605 1027; x_wconf 83' lang='lat' dir='ltr'>victis</span> <span class='ocrx_word' id='word_1_40' title='bbox 629 969 870 1043; x_wconf 84' lang='lat' dir='ltr'>Atheniensibus,</span> <span class='ocrx_word' id='word_1_41' title='bbox 894 969 1043 1030; x_wconf 86' lang='lat' dir='ltr'>nonsatis</span> 
     </span>
     <span class='ocr_line' id='line_1_8' title="bbox 127 1063 1043 1141; baseline 0.005 -22"><span class='ocrx_word' id='word_1_42' title='bbox 127 1073 188 1120; x_wconf 91' lang='lat' dir='ltr'>tuta</span> <span class='ocrx_word' id='word_1_43' title='bbox 201 1063 305 1120; x_wconf 88' lang='lat' dir='ltr'>eadem</span> <span class='ocrx_word' id='word_1_44' title='bbox 319 1063 383 1121; x_wconf 85' lang='lat' dir='ltr'>loca</span> <span class='ocrx_word' id='word_1_45' title='bbox 397 1063 453 1121; x_wconf 92' lang='lat' dir='ltr'>sibi</span> <span class='ocrx_word' id='word_1_46' title='bbox 468 1064 632 1136; x_wconf 80' lang='lat' dir='ltr'>arbitratus,</span> <span class='ocrx_word' id='word_1_47' title='bbox 645 1063 763 1141; x_wconf 77' lang='lat' dir='ltr'>penitis</span> <span class='ocrx_word' id='word_1_48' title='bbox 777 1064 807 1121; x_wconf 94' lang='lat' dir='ltr'>in</span> <span class='ocrx_word' id='word_1_49' title='bbox 830 1065 990 1123; x_wconf 89' lang='lat' dir='ltr'>Thraciam</span> <span class='ocrx_word' id='word_1_50' title='bbox 1011 1086 1043 1124; x_wconf 87' lang='lat' dir='ltr'>se</span> 
     </span>
     <span class='ocr_line' id='line_1_9' title="bbox 128 1157 1044 1235; baseline 0.004 -20"><span class='ocrx_word' id='word_1_51' title='bbox 128 1177 213 1234; x_wconf 85' lang='lat' dir='ltr'>supra</span> <span class='ocrx_word' id='word_1_52' title='bbox 226 1157 431 1234; x_wconf 84' lang='lat' dir='ltr'>Propontidem</span> <span class='ocrx_word' id='word_1_53' title='bbox 457 1158 577 1230; x_wconf 92' lang='lat' dir='ltr'>abdidit,</span> <span class='ocrx_word' id='word_1_54' title='bbox 596 1179 716 1235; x_wconf 87' lang='lat' dir='ltr'>sperans</span> <span class='ocrx_word' id='word_1_55' title='bbox 737 1158 936 1221; x_wconf 76' lang='lat' dir='ltr'>ibisaoillirnd</span> <span class='ocrx_word' id='word_1_56' title='bbox 961 1181 1044 1219; x_wconf 89' lang='lat' dir='ltr'>suam</span> 
     </span>
     <span class='ocr_line' id='line_1_10' title="bbox 127 1253 1042 1333; baseline 0.005 -23"><span class='ocrx_word' id='word_1_57' title='bbox 127 1254 271 1311; x_wconf 89' lang='lat' dir='ltr'>fortunam</span> <span class='ocrx_word' id='word_1_58' title='bbox 279 1253 376 1311; x_wconf 87' lang='lat' dir='ltr'>occuli</span> <span class='ocrx_word' id='word_1_59' title='bbox 386 1273 480 1330; x_wconf 89' lang='lat' dir='ltr'>posse.</span> <span class='ocrx_word' id='word_1_60' title='bbox 522 1253 620 1312; x_wconf 75' lang='lat' dir='ltr'>Falso.</span> <span class='ocrx_word' id='word_1_61' title='bbox 663 1254 741 1312; x_wconf 91' lang='lat' dir='ltr'>Nam</span> <span class='ocrx_word' id='word_1_62' title='bbox 750 1255 884 1315; x_wconf 89' lang='lat' dir='ltr'>Thraces</span> <span class='ocrx_word' id='word_1_63' title='bbox 892 1270 1042 1333; x_wconf 89' lang='lat' dir='ltr'>postquam</span> 
     </span>
     <span class='ocr_line' id='line_1_11' title="bbox 128 1349 1102 1426; baseline 0.008 -22"><span class='ocrx_word' id='word_1_64' title='bbox 128 1367 193 1405; x_wconf 89' lang='lat' dir='ltr'>eum</span> <span class='ocrx_word' id='word_1_65' title='bbox 207 1368 274 1406; x_wconf 90' lang='lat' dir='ltr'>cum</span> <span class='ocrx_word' id='word_1_66' title='bbox 290 1349 398 1425; x_wconf 75' lang='lat' dir='ltr'>magnai</span> <span class='ocrx_word' id='word_1_67' title='bbox 409 1349 535 1426; x_wconf 73' lang='lat' dir='ltr'>pecunia</span> <span class='ocrx_word' id='word_1_68' title='bbox 558 1350 672 1408; x_wconf 83' lang='lat' dir='ltr'>venisse</span> <span class='ocrx_word' id='word_1_69' title='bbox 694 1363 857 1424; x_wconf 88' lang='lat' dir='ltr'>senserunt,</span> <span class='ocrx_word' id='word_1_70' title='bbox 880 1353 1000 1410; x_wconf 85' lang='lat' dir='ltr'>insidias</span> <span class='ocrx_word' id='word_1_71' title='bbox 1013 1353 1041 1411; x_wconf 92' lang='lat' dir='ltr'>ei</span> <span class='ocrx_word' id='word_1_72' title='bbox 1064 1354 1102 1412; x_wconf 86' lang='lat'>10</span> 
     </span>
     <span class='ocr_line' id='line_1_12' title="bbox 128 1444 1042 1525; baseline 0.005 -24"><span class='ocrx_word' id='word_1_73' title='bbox 128 1444 279 1502; x_wconf 80' lang='lat' dir='ltr'>fecerunt:</span> <span class='ocrx_word' id='word_1_74' title='bbox 300 1444 350 1520; x_wconf 91' lang='lat' dir='ltr'>qui</span> <span class='ocrx_word' id='word_1_75' title='bbox 372 1464 417 1517; x_wconf 90' lang='lat' dir='ltr'>ea,</span> <span class='ocrx_word' id='word_1_76' title='bbox 442 1464 505 1520; x_wconf 83' lang='lat' dir='ltr'>quae</span> <span class='ocrx_word' id='word_1_77' title='bbox 534 1446 703 1523; x_wconf 83' lang='lat' dir='ltr'>apportavit,</span> <span class='ocrx_word' id='word_1_78' title='bbox 729 1447 925 1517; x_wconf 82' lang='lat' dir='ltr'>abstulerunt3</span> <span class='ocrx_word' id='word_1_79' title='bbox 947 1449 1042 1525; x_wconf 88' lang='lat' dir='ltr'>ipsum</span> 
     </span>
     <span class='ocr_line' id='line_1_13' title="bbox 128 1530 1043 1615; baseline 0.003 -19"><span class='ocrx_word' id='word_1_80' title='bbox 128 1558 231 1615; x_wconf 89' lang='lat' dir='ltr'>capere</span> <span class='ocrx_word' id='word_1_81' title='bbox 245 1560 304 1598; x_wconf 89' lang='lat' dir='ltr'>non</span> <span class='ocrx_word' id='word_1_82' title='bbox 318 1552 483 1615; x_wconf 88' lang='lat' dir='ltr'>potuerunt.</span> <span class='ocrx_word' id='word_1_83' title='bbox 525 1540 579 1598; x_wconf 90' lang='lat' dir='ltr'>Ille</span> <span class='ocrx_word' id='word_1_84' title='bbox 594 1530 718 1598; x_wconf 88' lang='lat' dir='ltr'>cerhens</span> <span class='ocrx_word' id='word_1_85' title='bbox 732 1542 844 1599; x_wconf 92' lang='lat' dir='ltr'>nullum</span> <span class='ocrx_word' id='word_1_86' title='bbox 868 1543 965 1599; x_wconf 84' lang='lat' dir='ltr'>locum</span> <span class='ocrx_word' id='word_1_87' title='bbox 987 1542 1043 1599; x_wconf 89' lang='lat' dir='ltr'>sibi</span> 
     </span>
     <span class='ocr_line' id='line_1_14' title="bbox 127 1636 1041 1713; baseline 0 -19"><span class='ocrx_word' id='word_1_88' title='bbox 127 1646 221 1694; x_wconf 89' lang='lat' dir='ltr'>tutum</span> <span class='ocrx_word' id='word_1_89' title='bbox 236 1636 266 1693; x_wconf 90' lang='lat' dir='ltr'>in</span> <span class='ocrx_word' id='word_1_90' title='bbox 284 1636 400 1713; x_wconf 70' lang='lat' dir='ltr'>Graecia</span> <span class='ocrx_word' id='word_1_91' title='bbox 421 1648 536 1713; x_wconf 92' lang='lat' dir='ltr'>propter</span> <span class='ocrx_word' id='word_1_92' title='bbox 560 1637 719 1712; x_wconf 91' lang='lat' dir='ltr'>potentiam</span> <span class='ocrx_word' id='word_1_93' title='bbox 743 1636 1041 1711; x_wconf 80' lang='lat' dir='ltr'>Lacedaemoniorum,</span> 
     </span>
     <span class='ocr_line' id='line_1_15' title="bbox 127 1729 1054 1807; baseline 0.001 -18"><span class='ocrx_word' id='word_1_94' title='bbox 127 1731 163 1789; x_wconf 89' lang='lat' dir='ltr'>ad</span> <span class='ocrx_word' id='word_1_95' title='bbox 177 1732 402 1790; x_wconf 84' lang='lat' dir='ltr'>Pharnabazum</span> <span class='ocrx_word' id='word_1_96' title='bbox 417 1732 448 1788; x_wconf 92' lang='lat' dir='ltr'>in</span> <span class='ocrx_word' id='word_1_97' title='bbox 463 1731 566 1789; x_wconf 85' lang='lat' dir='ltr'>Asiam</span> <span class='ocrx_word' id='word_1_98' title='bbox 580 1731 712 1789; x_wconf 85' lang='lat' dir='ltr'>transiit:</span> <span class='ocrx_word' id='word_1_99' title='bbox 732 1751 817 1807; x_wconf 90' lang='lat' dir='ltr'>quern</span> <span class='ocrx_word' id='word_1_100' title='bbox 837 1732 953 1806; x_wconf 91' lang='lat' dir='ltr'>quidem</span> <span class='ocrx_word' id='word_1_101' title='bbox 969 1729 1054 1790; x_wconf 81' lang='lat' dir='ltr'>aded·</span> 
     </span>
     <span class='ocr_line' id='line_1_16' title="bbox 127 1808 1102 1904; baseline 0.001 -20"><span class='ocrx_word' id='word_1_102' title='bbox 127 1827 179 1885; x_wconf 72' lang='lat' dir='ltr'>rud</span> <span class='ocrx_word' id='word_1_103' title='bbox 193 1828 271 1904; x_wconf 93' lang='lat' dir='ltr'>cepit</span> <span class='ocrx_word' id='word_1_104' title='bbox 284 1827 475 1900; x_wconf 88' lang='lat' dir='ltr'>humanitate,</span> <span class='ocrx_word' id='word_1_105' title='bbox 490 1838 522 1885; x_wconf 93' lang='lat' dir='ltr'>ut</span> <span class='ocrx_word' id='word_1_106' title='bbox 536 1808 603 1884; x_wconf 86' lang='lat' dir='ltr'>eurii</span> <span class='ocrx_word' id='word_1_107' title='bbox 617 1846 704 1884; x_wconf 89' lang='lat' dir='ltr'>nemo</span> <span class='ocrx_word' id='word_1_108' title='bbox 725 1827 754 1884; x_wconf 91' lang='lat' dir='ltr'>in</span> <span class='ocrx_word' id='word_1_109' title='bbox 766 1826 905 1895; x_wconf 27' lang='lat' dir='ltr'>,amicitiai</span> <span class='ocrx_word' id='word_1_110' title='bbox 928 1840 1042 1884; x_wconf 87' lang='lat' dir='ltr'>antece·</span> <span class='ocrx_word' id='word_1_111' title='bbox 1064 1829 1102 1885; x_wconf 82' lang='lat'>15</span> 
     </span>
     <span class='ocr_line' id='line_1_17' title="bbox 127 1906 1042 1999; baseline 0.001 -20"><span class='ocrx_word' id='word_1_112' title='bbox 127 1923 215 1982; x_wconf 88' lang='lat' dir='ltr'>deret.</span> <span class='ocrx_word' id='word_1_113' title='bbox 257 1922 391 1998; x_wconf 90' lang='lat' dir='ltr'>Namque</span> <span class='ocrx_word' id='word_1_114' title='bbox 400 1921 581 1979; x_wconf 90' lang='lat' dir='ltr'>eiGrunium</span> <span class='ocrx_word' id='word_1_115' title='bbox 590 1922 709 1980; x_wconf 89' lang='lat' dir='ltr'>dederat</span> <span class='ocrx_word' id='word_1_116' title='bbox 718 1922 748 1980; x_wconf 91' lang='lat' dir='ltr'>in</span> <span class='ocrx_word' id='word_1_117' title='bbox 757 1906 894 1999; x_wconf 78' lang='lat' dir='ltr'>Phrygis,</span> <span class='ocrx_word' id='word_1_118' title='bbox 904 1935 1042 1996; x_wconf 84' lang='lat' dir='ltr'>castrum,</span> 
     </span>
     <span class='ocr_line' id='line_1_18' title="bbox 127 2010 1081 2095; baseline -0.001 -19"><span class='ocrx_word' id='word_1_119' title='bbox 127 2038 163 2076; x_wconf 84' lang='lat' dir='ltr'>ex</span> <span class='ocrx_word' id='word_1_120' title='bbox 178 2039 234 2095; x_wconf 91' lang='lat' dir='ltr'>quo</span> <span class='ocrx_word' id='word_1_121' title='bbox 255 2019 461 2095; x_wconf 85' lang='lat' dir='ltr'>quinquagena</span> <span class='ocrx_word' id='word_1_122' title='bbox 483 2019 593 2076; x_wconf 86' lang='lat' dir='ltr'>talenta</span> <span class='ocrx_word' id='word_1_123' title='bbox 614 2018 764 2094; x_wconf 84' lang='lat' dir='ltr'>vectigalis</span> <span class='ocrx_word' id='word_1_124' title='bbox 788 2019 930 2094; x_wconf 86' lang='lat' dir='ltr'>capiebat.</span> <span class='ocrx_word' id='word_1_125' title='bbox 971 2019 1043 2081; x_wconf 74' lang='lat' dir='ltr'>Qua</span> <span class='ocrx_word' id='word_1_126' title='bbox 1067 2010 1081 2033; x_wconf 73' lang='lat'>⁸</span> 
     </span>
     <span class='ocr_line' id='line_1_19' title="bbox 128 2107 1042 2188; baseline -0.002 -16"><span class='ocrx_word' id='word_1_127' title='bbox 128 2115 242 2174; x_wconf 72' lang='lat' dir='ltr'>fortunii</span> <span class='ocrx_word' id='word_1_128' title='bbox 256 2107 427 2173; x_wconf 84' lang='lat' dir='ltr'>Alcibiades</span> <span class='ocrx_word' id='word_1_129' title='bbox 442 2133 500 2172; x_wconf 91' lang='lat' dir='ltr'>non</span> <span class='ocrx_word' id='word_1_130' title='bbox 517 2125 579 2172; x_wconf 88' lang='lat' dir='ltr'>erat</span> <span class='ocrx_word' id='word_1_131' title='bbox 601 2125 766 2186; x_wconf 87' lang='lat' dir='ltr'>contentus,</span> <span class='ocrx_word' id='word_1_132' title='bbox 790 2132 884 2188; x_wconf 89' lang='lat' dir='ltr'>neque</span> <span class='ocrx_word' id='word_1_133' title='bbox 909 2113 1042 2171; x_wconf 88' lang='lat' dir='ltr'>Athenas</span> 
     </span>
     <span class='ocr_line' id='line_1_20' title="bbox 128 2208 1041 2286; baseline -0.002 -20"><span class='ocrx_word' id='word_1_134' title='bbox 128 2211 219 2271; x_wconf 85' lang='lat' dir='ltr'>victas</span> <span class='ocrx_word' id='word_1_135' title='bbox 241 2209 474 2269; x_wconf 87' lang='lat' dir='ltr'>Lacedaemoniis</span> <span class='ocrx_word' id='word_1_136' title='bbox 496 2209 602 2267; x_wconf 87' lang='lat' dir='ltr'>servire</span> <span class='ocrx_word' id='word_1_137' title='bbox 626 2220 738 2286; x_wconf 90' lang='lat' dir='ltr'>poterat</span> <span class='ocrx_word' id='word_1_138' title='bbox 761 2209 829 2284; x_wconf 91' lang='lat' dir='ltr'>pati.</span> <span class='ocrx_word' id='word_1_139' title='bbox 879 2208 982 2283; x_wconf 91' lang='lat' dir='ltr'>Itaque</span> <span class='ocrx_word' id='word_1_140' title='bbox 1005 2209 1041 2265; x_wconf 92' lang='lat' dir='ltr'>ad</span> 
     </span>
     <span class='ocr_line' id='line_1_21' title="bbox 127 2304 1101 2383; baseline -0.001 -20"><span class='ocrx_word' id='word_1_141' title='bbox 127 2305 251 2383; x_wconf 89' lang='lat' dir='ltr'>patriam</span> <span class='ocrx_word' id='word_1_142' title='bbox 265 2305 446 2363; x_wconf 89' lang='lat' dir='ltr'>liberandam</span> <span class='ocrx_word' id='word_1_143' title='bbox 460 2304 540 2363; x_wconf 91' lang='lat' dir='ltr'>omni</span> <span class='ocrx_word' id='word_1_144' title='bbox 555 2305 699 2363; x_wconf 89' lang='lat' dir='ltr'>ferebatur</span> <span class='ocrx_word' id='word_1_145' title='bbox 722 2304 914 2381; x_wconf 72' lang='lat' dir='ltr'>cogitatione3</span> <span class='ocrx_word' id='word_1_146' title='bbox 936 2304 988 2361; x_wconf 92' lang='lat' dir='ltr'>sed</span> <span class='ocrx_word' id='word_1_147' title='bbox 1002 2304 1041 2360; x_wconf 84' lang='lat' dir='ltr'>vi·</span> <span class='ocrx_word' id='word_1_148' title='bbox 1061 2304 1101 2362; x_wconf 79' lang='lat'>20</span> 
     </span>
     <span class='ocr_line' id='line_1_22' title="bbox 127 2400 1042 2478; baseline -0.001 -19"><span class='ocrx_word' id='word_1_149' title='bbox 127 2402 223 2476; x_wconf 89' lang='lat' dir='ltr'>debat,</span> <span class='ocrx_word' id='word_1_150' title='bbox 239 2403 268 2460; x_wconf 94' lang='lat' dir='ltr'>id</span> <span class='ocrx_word' id='word_1_151' title='bbox 283 2401 346 2459; x_wconf 88' lang='lat' dir='ltr'>sine</span> <span class='ocrx_word' id='word_1_152' title='bbox 361 2401 447 2478; x_wconf 82' lang='lat' dir='ltr'>Rege</span> <span class='ocrx_word' id='word_1_153' title='bbox 462 2401 615 2458; x_wconf 84' lang='lat' dir='ltr'>Persarum</span> <span class='ocrx_word' id='word_1_154' title='bbox 636 2421 695 2459; x_wconf 88' lang='lat' dir='ltr'>uon</span> <span class='ocrx_word' id='word_1_155' title='bbox 713 2420 798 2477; x_wconf 91' lang='lat' dir='ltr'>posse</span> <span class='ocrx_word' id='word_1_156' title='bbox 822 2400 895 2473; x_wconf 90' lang='lat' dir='ltr'>fieri,</span> <span class='ocrx_word' id='word_1_157' title='bbox 920 2400 1042 2475; x_wconf 92' lang='lat' dir='ltr'>ideoque</span> 
     </span>
     <span class='ocr_line' id='line_1_23' title="bbox 108 2494 1042 2573; baseline -0.004 -16"><span class='ocrx_word' id='word_1_158' title='bbox 108 2518 193 2557; x_wconf 72' lang='lat' dir='ltr'>‘eum</span> <span class='ocrx_word' id='word_1_159' title='bbox 207 2498 335 2556; x_wconf 90' lang='lat' dir='ltr'>amicum</span> <span class='ocrx_word' id='word_1_160' title='bbox 356 2497 412 2554; x_wconf 83' lang='lat' dir='ltr'>sibi</span> <span class='ocrx_word' id='word_1_161' title='bbox 436 2495 572 2573; x_wconf 88' lang='lat' dir='ltr'>cupiebat</span> <span class='ocrx_word' id='word_1_162' title='bbox 594 2495 722 2573; x_wconf 82' lang='lat' dir='ltr'>adjungi.</span> <span class='ocrx_word' id='word_1_163' title='bbox 764 2494 869 2570; x_wconf 89' lang='lat' dir='ltr'>Neque</span> <span class='ocrx_word' id='word_1_164' title='bbox 892 2495 1042 2553; x_wconf 90' lang='lat' dir='ltr'>dubitabat</span> 
     </span>
     <span class='ocr_line' id='line_1_24' title="bbox 128 2577 1138 2665; baseline -0.006 -13"><span class='ocrx_word' id='word_1_165' title='bbox 128 2592 212 2652; x_wconf 70' lang='lat' dir='ltr'>facile</span> <span class='ocrx_word' id='word_1_166' title='bbox 227 2613 259 2652; x_wconf 89' lang='lat' dir='ltr'>se</span> <span class='ocrx_word' id='word_1_167' title='bbox 273 2602 509 2664; x_wconf 89' lang='lat' dir='ltr'>consecuturum,</span> <span class='ocrx_word' id='word_1_168' title='bbox 521 2591 546 2648; x_wconf 92' lang='lat' dir='ltr'>si</span> <span class='ocrx_word' id='word_1_169' title='bbox 560 2589 646 2649; x_wconf 83' lang='lat' dir='ltr'>modd</span> <span class='ocrx_word' id='word_1_170' title='bbox 661 2591 724 2665; x_wconf 89' lang='lat' dir='ltr'>ejus</span> <span class='ocrx_word' id='word_1_171' title='bbox 739 2590 932 2649; x_wconf 87' lang='lat' dir='ltr'>conveniendi</span> <span class='ocrx_word' id='word_1_172' title='bbox 952 2591 1042 2647; x_wconf 87' lang='lat' dir='ltr'>habu·</span> <span class='ocrx_word' id='word_1_173' title='bbox 1135 2577 1138 2582; x_wconf 39' lang='lat'>¹</span> 
     </span>
     <span class='ocr_line' id='line_1_25' title="bbox 128 2685 1093 2765; baseline -0.006 -17"><span class='ocrx_word' id='word_1_174' title='bbox 128 2686 195 2748; x_wconf 85' lang='lat' dir='ltr'>isset</span> <span class='ocrx_word' id='word_1_175' title='bbox 207 2698 388 2765; x_wconf 88' lang='lat' dir='ltr'>potestatem.</span> <span class='ocrx_word' id='word_1_176' title='bbox 431 2685 509 2743; x_wconf 90' lang='lat' dir='ltr'>Nam</span> <span class='ocrx_word' id='word_1_177' title='bbox 524 2686 633 2762; x_wconf 83' lang='lat' dir='ltr'>Cyrum</span> <span class='ocrx_word' id='word_1_178' title='bbox 648 2687 765 2745; x_wconf 86' lang='lat' dir='ltr'>fratrem</span> <span class='ocrx_word' id='word_1_179' title='bbox 784 2686 811 2743; x_wconf 92' lang='lat' dir='ltr'>ei</span> <span class='ocrx_word' id='word_1_180' title='bbox 834 2687 942 2744; x_wconf 89' lang='lat' dir='ltr'>bellurn</span> <span class='ocrx_word' id='word_1_181' title='bbox 964 2687 1040 2743; x_wconf 87' lang='lat' dir='ltr'>olam</span> <span class='ocrx_word' id='word_1_182' title='bbox 1088 2698 1093 2704; x_wconf 83' lang='lat'><em>&#39;</em></span> 
     </span>
     <span class='ocr_line' id='line_1_26' title="bbox 127 2780 1101 2861; baseline -0.005 -20"><span class='ocrx_word' id='word_1_183' title='bbox 127 2803 238 2861; x_wconf 89' lang='lat' dir='ltr'>parare,</span> <span class='ocrx_word' id='word_1_184' title='bbox 266 2781 497 2841; x_wconf 84' lang='lat' dir='ltr'>Lacedaemoniis</span> <span class='ocrx_word' id='word_1_185' title='bbox 530 2781 743 2858; x_wconf 86' lang='lat' dir='ltr'>adjuvantibus,</span> <span class='ocrx_word' id='word_1_186' title='bbox 779 2781 897 2839; x_wconf 86' lang='lat' dir='ltr'>sciebat.</span> <span class='ocrx_word' id='word_1_187' title='bbox 952 2780 988 2836; x_wconf 94' lang='lat' dir='ltr'>Id</span> <span class='ocrx_word' id='word_1_188' title='bbox 1016 2781 1041 2837; x_wconf 94' lang='lat' dir='ltr'>si</span> <span class='ocrx_word' id='word_1_189' title='bbox 1060 2780 1101 2837; x_wconf 75' lang='lat'>25</span> 
     </span>
     <span class='ocr_line' id='line_1_27' title="bbox 128 2876 918 2954; baseline -0.008 -17"><span class='ocrx_word' id='word_1_190' title='bbox 128 2878 296 2954; x_wconf 85' lang='lat' dir='ltr'>aperuisset,</span> <span class='ocrx_word' id='word_1_191' title='bbox 307 2895 443 2953; x_wconf 86' lang='lat' dir='ltr'>magnam</span> <span class='ocrx_word' id='word_1_192' title='bbox 458 2896 489 2934; x_wconf 92' lang='lat' dir='ltr'>se</span> <span class='ocrx_word' id='word_1_193' title='bbox 504 2876 643 2935; x_wconf 91' lang='lat' dir='ltr'>initurum</span> <span class='ocrx_word' id='word_1_194' title='bbox 657 2876 780 2951; x_wconf 85' lang='lat' dir='ltr'>gratiam</span> <span class='ocrx_word' id='word_1_195' title='bbox 795 2876 918 2932; x_wconf 89' lang='lat' dir='ltr'>videbat.</span> 
     </span>
     <span class='ocr_line' id='line_1_28' title="bbox 165 2969 1041 3048; baseline -0.007 -17"><span class='ocrx_word' id='word_1_196' title='bbox 165 2974 204 3032; x_wconf 88' lang='lat' dir='ltr'>X.</span> <span class='ocrx_word' id='word_1_197' title='bbox 247 2973 322 3031; x_wconf 77' lang='lat' dir='ltr'>Haec</span> <span class='ocrx_word' id='word_1_198' title='bbox 339 2991 428 3048; x_wconf 91' lang='lat' dir='ltr'>quum</span> <span class='ocrx_word' id='word_1_199' title='bbox 447 2971 604 3040; x_wconf 90' lang='lat' dir='ltr'>moliretur,</span> <span class='ocrx_word' id='word_1_200' title='bbox 617 2982 784 3046; x_wconf 89' lang='lat' dir='ltr'>peteretque</span> <span class='ocrx_word' id='word_1_201' title='bbox 802 2989 819 3025; x_wconf 89' lang='lat' dir='ltr'>a</span> <span class='ocrx_word' id='word_1_202' title='bbox 836 2969 1041 3042; x_wconf 87' lang='lat' dir='ltr'>Pharnabazo,</span> 
     </span>
     <span class='ocr_line' id='line_1_29' title="bbox 128 3063 1039 3144; baseline -0.004 -18"><span class='ocrx_word' id='word_1_203' title='bbox 128 3081 158 3128; x_wconf 86' lang='lat' dir='ltr'>ut</span> <span class='ocrx_word' id='word_1_204' title='bbox 177 3071 212 3127; x_wconf 90' lang='lat' dir='ltr'>ad</span> <span class='ocrx_word' id='word_1_205' title='bbox 228 3069 344 3144; x_wconf 84' lang='lat' dir='ltr'>Regem</span> <span class='ocrx_word' id='word_1_206' title='bbox 363 3068 534 3139; x_wconf 88' lang='lat' dir='ltr'>mitteretur,</span> <span class='ocrx_word' id='word_1_207' title='bbox 556 3066 659 3123; x_wconf 92' lang='lat' dir='ltr'>eodem</span> <span class='ocrx_word' id='word_1_208' title='bbox 683 3076 811 3140; x_wconf 88' lang='lat' dir='ltr'>tempore</span> <span class='ocrx_word' id='word_1_209' title='bbox 827 3063 933 3121; x_wconf 89' lang='lat' dir='ltr'>Critias</span> <span class='ocrx_word' id='word_1_210' title='bbox 955 3076 1039 3123; x_wconf 85' lang='lat' dir='ltr'>caete·</span> 
     </span>
     <span class='ocr_line' id='line_1_30' title="bbox 47 3151 1041 3240; baseline -0.004 -19"><span class='ocrx_word' id='word_1_211' title='bbox 47 3151 49 3154; x_wconf 33' lang='lat'>¹</span> <span class='ocrx_word' id='word_1_212' title='bbox 128 3163 206 3240; x_wconf 88' lang='lat' dir='ltr'>rique</span> <span class='ocrx_word' id='word_1_213' title='bbox 220 3163 338 3239; x_wconf 88' lang='lat' dir='ltr'>tyranni</span> <span class='ocrx_word' id='word_1_214' title='bbox 352 3163 579 3221; x_wconf 91' lang='lat' dir='ltr'>Atheniensium</span> <span class='ocrx_word' id='word_1_215' title='bbox 603 3173 697 3220; x_wconf 88' lang='lat' dir='ltr'>certos</span> <span class='ocrx_word' id='word_1_216' title='bbox 719 3160 851 3218; x_wconf 89' lang='lat' dir='ltr'>homines</span> <span class='ocrx_word' id='word_1_217' title='bbox 874 3161 910 3216; x_wconf 95' lang='lat' dir='ltr'>ad</span> <span class='ocrx_word' id='word_1_218' title='bbox 930 3160 1041 3235; x_wconf 89' lang='lat' dir='ltr'>Lysan-</span> 
     </span>
     <span class='ocr_line' id='line_1_31' title="bbox 128 3256 1100 3331; baseline 0.001 -17"><span class='ocrx_word' id='word_1_219' title='bbox 128 3259 210 3317; x_wconf 89' lang='lat' dir='ltr'>drum</span> <span class='ocrx_word' id='word_1_220' title='bbox 225 3259 256 3316; x_wconf 92' lang='lat' dir='ltr'>in</span> <span class='ocrx_word' id='word_1_221' title='bbox 272 3257 374 3315; x_wconf 89' lang='lat' dir='ltr'>Asiam</span> <span class='ocrx_word' id='word_1_222' title='bbox 391 3257 542 3329; x_wconf 90' lang='lat' dir='ltr'>miseruut,</span> <span class='ocrx_word' id='word_1_223' title='bbox 561 3257 610 3331; x_wconf 94' lang='lat' dir='ltr'>qui</span> <span class='ocrx_word' id='word_1_224' title='bbox 631 3276 698 3314; x_wconf 94' lang='lat' dir='ltr'>eum</span> <span class='ocrx_word' id='word_1_225' title='bbox 723 3256 875 3314; x_wconf 84' lang='lat' dir='ltr'>certiorem</span> <span class='ocrx_word' id='word_1_226' title='bbox 900 3257 1039 3329; x_wconf 87' lang='lat' dir='ltr'>facerent,</span> <span class='ocrx_word' id='word_1_227' title='bbox 1060 3258 1100 3314; x_wconf 75' lang='lat'>80</span> 
     </span>
     <span class='ocr_line' id='line_1_32' title="bbox 130 3352 1040 3424; baseline -0.002 -14"><span class='ocrx_word' id='word_1_228' title='bbox 130 3353 183 3411; x_wconf 91' lang='lat' dir='ltr'>nisi</span> <span class='ocrx_word' id='word_1_229' title='bbox 211 3352 398 3411; x_wconf 78' lang='lat' dir='ltr'>Alcibiadem</span> <span class='ocrx_word' id='word_1_230' title='bbox 426 3353 599 3424; x_wconf 89' lang='lat' dir='ltr'>sustulisset,</span> <span class='ocrx_word' id='word_1_231' title='bbox 627 3352 700 3409; x_wconf 91' lang='lat' dir='ltr'>nihil</span> <span class='ocrx_word' id='word_1_232' title='bbox 728 3370 828 3408; x_wconf 89' lang='lat' dir='ltr'>earum</span> <span class='ocrx_word' id='word_1_233' title='bbox 856 3370 952 3409; x_wconf 91' lang='lat' dir='ltr'>rerum</span> <span class='ocrx_word' id='word_1_234' title='bbox 980 3353 1040 3409; x_wconf 86' lang='lat' dir='ltr'>fore</span> 
     </span>
     <span class='ocr_line' id='line_1_33' title="bbox 69 3445 1041 3524; baseline -0.004 -16"><span class='ocrx_word' id='word_1_235' title='bbox 69 3499 79 3508; x_wconf 87' lang='grc'>.</span> <span class='ocrx_word' id='word_1_236' title='bbox 130 3459 231 3521; x_wconf 89' lang='lat' dir='ltr'>ratum,</span> <span class='ocrx_word' id='word_1_237' title='bbox 245 3465 318 3522; x_wconf 90' lang='lat' dir='ltr'>quas</span> <span class='ocrx_word' id='word_1_238' title='bbox 332 3446 393 3524; x_wconf 90' lang='lat' dir='ltr'>ipse</span> <span class='ocrx_word' id='word_1_239' title='bbox 408 3446 534 3505; x_wconf 89' lang='lat' dir='ltr'>Athenis</span> <span class='ocrx_word' id='word_1_240' title='bbox 548 3445 754 3504; x_wconf 87' lang='lat' dir='ltr'>constituisset.</span> <span class='ocrx_word' id='word_1_241' title='bbox 795 3445 908 3518; x_wconf 75' lang='lat' dir='ltr'>Quare,</span> <span class='ocrx_word' id='word_1_242' title='bbox 931 3446 955 3504; x_wconf 92' lang='lat' dir='ltr'>si</span> <span class='ocrx_word' id='word_1_243' title='bbox 974 3465 1041 3504; x_wconf 90' lang='lat' dir='ltr'>suas</span> 
     </span>
     <span class='ocr_line' id='line_1_34' title="bbox 132 3539 1041 3622; baseline -0.004 -21"><span class='ocrx_word' id='word_1_244' title='bbox 132 3561 176 3601; x_wconf 85' lang='lat' dir='ltr'>res</span> <span class='ocrx_word' id='word_1_245' title='bbox 201 3553 300 3622; x_wconf 79' lang='lat' dir='ltr'>gestas</span> <span class='ocrx_word' id='word_1_246' title='bbox 324 3560 442 3602; x_wconf 88' lang='lat' dir='ltr'>manere</span> <span class='ocrx_word' id='word_1_247' title='bbox 468 3541 563 3615; x_wconf 85' lang='lat' dir='ltr'>vellet,</span> <span class='ocrx_word' id='word_1_248' title='bbox 592 3541 673 3599; x_wconf 88' lang='lat' dir='ltr'>illurn</span> <span class='ocrx_word' id='word_1_249' title='bbox 707 3551 934 3620; x_wconf 88' lang='lat' dir='ltr'>persequeretur.</span> <span class='ocrx_word' id='word_1_250' title='bbox 985 3539 1041 3597; x_wconf 85' lang='lat' dir='ltr'>His</span> 
     </span>
    </p>
   </div>
   <div class='ocr_carea' id='block_1_3' title="bbox 0 0 1206 4132">
    <p class='ocr_par' dir='ltr' id='par_1_3' title="bbox 0 0 1206 4132">
     <span class='ocr_line' id='line_1_35' title="bbox 0 0 1206 4132; baseline 0 0"><span class='ocrx_word' id='word_1_251' title='bbox 0 0 1206 4132; x_wconf 95' lang='lat' dir='ltr'> </span> 
     </span>
    </p>
   </div>
  </div>
 </body>
</html>
