2392 4132
108 316 150 374 20
515 325 722 375 PAUSANlAS.

168 501 245 555 rans,
261 502 291 540 se
312 483 401 541 etiam
428 494 489 542 tum
516 483 642 560 pecunid
668 494 698 541 et
720 482 850 559 potentia
872 484 984 543 instans
1005 485 1079 562 peri·

168 579 266 635 culum
280 597 363 654 posse
378 578 532 654 depellere,
547 579 663 636 domum
678 577 771 636 rediit.
814 578 883 636 Huc
897 591 929 637 ut
940 580 1030 655 venit,
1043 581 1079 638 ab

167 672 291 749 Ephoris
305 673 335 729 in
349 673 466 730 vincula
478 673 596 749 publica
616 673 766 749 conjectus
790 683 842 732 est.
883 673 969 733 Licet
988 677 1079 744 enim,

166 768 280 844 legibus
301 788 410 841 eorum,
425 768 517 826 cuivis
537 768 663 844 Ephoro,
686 770 741 826 hoc
763 769 859 826 facere
883 769 955 845 regi.
998 771 1079 829 Hinc

127 866 148 924 5
168 878 265 924 tamen
279 886 310 924 se
324 867 485 942 expedivit;
506 885 601 944 neque
614 865 650 924 eb
665 867 758 943 magis
772 868 891 926 carebat
901 869 1077 957 suspicione.

168 961 198 1018 N
201 981 246 1019 am
260 962 357 1038 opinio
371 964 516 1031 manebat,
527 982 595 1021 eum
604 983 671 1021 cum
682 963 767 1039 Rege
777 964 884 1022 habere
890 963 1077 1023 societatem.

168 1057 221 1116 Est
244 1077 338 1134 genus
358 1060 502 1134 quoddam
526 1061 686 1132 hominum,
710 1060 786 1134 quod
809 1059 930 1118 Helotes
948 1073 1077 1134 vocatur,

168 1172 288 1229 quorum
299 1174 406 1230 magna
418 1155 572 1214 multitudo
587 1175 670 1230 agros
690 1154 978 1214 Lacedaemoniorum
998 1158 1077 1229 colit,

168 1269 370 1325 servorumque
390 1270 509 1308 munere
532 1251 670 1326 fungitur.
712 1250 776 1309 Hos
797 1269 910 1326 quoque
933 1252 1079 1311 solicitare

111 1346 149 1403 lo
168 1364 219 1421 sps
239 1345 378 1403 libertatis
402 1346 628 1404 existimabatur.
671 1346 730 1402 Sed
754 1344 832 1420 quod
856 1347 959 1403 harum
983 1366 1078 1405 rerum

168 1442 354 1512 nullumerat
369 1453 498 1516 apertum
512 1441 634 1513 crimen,
648 1460 705 1515 quo
719 1440 802 1516 argui
814 1452 922 1516 posset,
946 1461 1005 1499 non
1028 1462 1079 1519 pu·

168 1536 278 1606 tabant,
294 1536 330 1593 de
344 1536 395 1593 tali
409 1548 525 1612 tamque
539 1536 617 1594 claro
631 1535 692 1594 viro
710 1535 924 1612 suspicionibus
947 1549 1079 1612 oportere

166 1629 302 1706 judicari,
317 1642 346 1689 et
360 1631 583 1706 expectandum,
598 1631 668 1688 dum
682 1650 713 1688 se
727 1631 790 1706 ipsa
803 1651 849 1689 res
867 1631 998 1706 aperiret.

208 1726 262 1783 IV.
304 1726 426 1784 Interim
440 1726 571 1803 Argilius
585 1727 712 1801 quidam,
728 1725 971 1798 adolescentulus,
993 1746 1078 1802 quem

111 1820 149 1878 15
168 1841 290 1897 puerum
304 1821 465 1878 Pausanias
480 1841 576 1879 amore
585 1840 709 1880 venereo
717 1821 867 1892 dilexerat,
877 1840 966 1896 quum
975 1822 1078 1897 episto·

168 1917 226 1973 lam
242 1916 278 1972 ab
289 1935 323 1973 eo
339 1917 374 1972 ad
389 1916 571 1972 Artabazum
586 1915 756 1990 accepisset,
779 1917 863 1990 eique
888 1916 918 1973 in
940 1917 1079 1993 suspicio-

168 2029 236 2066 nem
250 2009 386 2082 venisset,
402 2009 509 2084 aliquid
525 2009 554 2066 in
569 2010 605 2067 ed
626 2009 662 2066 de
687 2029 718 2068 se
742 2029 807 2068 esse
828 2011 976 2088 scriptum,
1001 2011 1080 2088 qdod
1182 2020 1184 2024 ’

169 2123 255 2161 nemo
269 2103 368 2163 eorum
382 2105 525 2178 rediisset,
539 2105 589 2180 qui
603 2125 688 2182 super
702 2106 753 2164 tali
767 2106 856 2164 causd
870 2105 974 2164 eddem
999 2107 1079 2167 missi

169 2211 261 2267 erant,
276 2200 392 2257 vincula
405 2201 532 2276 epistolae
556 2202 673 2274 laxavit,
698 2201 838 2278 signoque
862 2202 993 2260 detracto
1014 2222 1080 2280 cog·

109 2295 150 2354 20
170 2296 259 2368 novit,
284 2294 308 2352 si
328 2296 503 2370 pertulisset,
528 2295 584 2352 sibi
605 2315 669 2352 esse
694 2297 883 2372 pereundum.
936 2296 1029 2355 Erant
1050 2298 1080 2355 in

169 2391 272 2447 eddom
286 2388 416 2464 epistold,
431 2407 494 2464 quae
509 2389 545 2445 ad
559 2408 595 2446 ea
602 2390 796 2464 pertinebant,
806 2410 869 2465 qnae
879 2391 953 2449 inter
964 2392 1079 2468 Regem

168 2483 400 2559 Pausaniamque
423 2495 627 2542 convenerant.
670 2485 734 2543 Has
754 2485 802 2542 ille
824 2487 936 2543 litteras
956 2487 1081 2563 Ephoris

169 2579 295 2637 tradidit.
336 2577 406 2635 Non
420 2589 464 2636 est
484 2580 685 2654 pretereunda
698 2579 823 2655 gravitas
847 2578 1081 2642 Lacedaemonio·

168 2693 232 2732 rum
247 2675 303 2731 hoc
316 2673 389 2730 loco.
431 2672 510 2730 Nam
523 2691 561 2729 ne
581 2672 667 2748 hujus
691 2673 807 2747 quidem
830 2672 940 2729 indicio
961 2674 1080 2751 impulsi
1171 2721 1176 2728 .

109 2770 149 2828 25
169 2780 247 2842 sunt,
262 2780 294 2827 ut
307 2767 482 2826 Pausaniam
497 2767 792 2843 comprehenderent3
813 2785 907 2840 neque
927 2765 1007 2843 prid·
1021 2773 1079 2830 vim

170 2860 762 2940 adhibendamputaverunt,qudmseipse
775 2861 941 2921 indiodsset.
976 2865 1080 2942 Itaque

169 2962 238 3020 huic
266 2960 367 3035 indici,
389 2957 458 3036 quid
483 2957 545 3017 lieri
572 2959 689 3033 vellent,
712 2970 922 3036 preceperunt.
963 2960 1078 3019 Fanum

168 3057 300 3134 Neptuni
314 3068 359 3116 est
377 3054 507 3128 Taenari,
523 3056 599 3130 quod
623 3055 724 3114 violari
743 3055 827 3112 nefas
847 3066 951 3130 putant
972 3055 1078 3114 Greci.

168 3151 213 3210 Eo
228 3153 276 3210 ille
296 3153 384 3209 index
408 3150 556 3226 confugit3
578 3151 608 3207 in
633 3151 683 3207 ard
705 3149 844 3207 consedit.
887 3149 975 3207 Hanc
997 3150 1080 3226 juxta

108 3248 149 3306 30
167 3248 264 3305 locum
279 3246 411 3304 fecerunt
424 3246 478 3303 sub
491 3245 579 3317 terre,
597 3264 633 3302 ex
653 3263 710 3320 quo
733 3255 829 3320 posset
849 3243 952 3317 audiri,
974 3245 998 3302 si
1017 3245 1080 3319 quis

167 3341 236 3418 qnid
250 3341 414 3415 loqueretur
428 3361 495 3400 cum
507 3340 628 3417 Argilio.
670 3340 740 3397 Huc
764 3359 800 3396 ex
819 3339 943 3415 Ephoris
964 3341 1081 3427 quid-am

168 3436 391 3495 descenderunt.
433 3435 594 3495 Pausanias
612 3447 645 3494 ut
669 3436 788 3508 audivit,
814 3435 959 3511 Argilium
981 3436 1081 3494 consu·

167 3531 245 3610 gisse
258 3530 289 3590 in
303 3550 393 3606 aram,
406 3533 590 3609 perturbatus
609 3529 645 3589 ed
660 3532 747 3590 venit.
787 3531 888 3594 Quem
907 3549 996 3606 quum
1016 3550 1081 3608 sup·
