2392 4132
14 341 16 345 '
118 344 159 403 58
544 353 725 402 nonanus.

127 506 131 527 ⁸
176 524 273 571 netem
287 511 428 570 exercitui
442 513 580 588 prefecit.
623 513 690 589 Ipse
713 531 781 570 cum
805 511 866 569 suis
887 511 917 569 in
940 511 1093 588 Cappado-

175 608 251 664 ciam
265 606 391 664 discedit
403 627 410 677 ;
433 607 677 682 conjunctamque
688 606 995 683 buicPaphlagoniam
1005 627 1093 666 occu·

175 713 234 777 pat,
255 702 354 758 celans
373 701 430 776 qui
451 702 597 760 voluntate
619 713 696 760 esset
718 701 748 758 in
773 701 898 778 Regem,
922 702 998 759 clam
1023 722 1091 760 cum

175 796 378 853 Ariobarzane
404 796 473 854 facit
495 796 662 870 amicitiam,
682 815 800 854 manum
825 807 982 872 comparat,
1005 799 1091 856 urbes
1150 818 1154 826 ·

134 892 154 948 ὁ
174 892 300 949 munitas
315 893 375 949 suis
388 894 512 950 tuendas
526 893 621 950 tradit.

213 985 267 1043 v1.
310 987 368 1044 Sed
388 988 451 1044 haec
472 999 587 1063 propter
611 987 736 1045 hiemale
758 998 872 1063 tempus
897 984 994 1045 minus
1013 1006 1091 1063 pros-

172 1080 242 1158 pere
256 1084 461 1158 procedebant.
503 1081 606 1154 Audit,
620 1082 734 1140 Pisidas
757 1082 897 1156 quasdam
919 1081 1020 1158 copias
1042 1083 1091 1140 ad·

174 1175 273 1233 versus
297 1197 328 1235 se
355 1196 474 1253 parare;
504 1177 595 1235 filium
619 1176 654 1235 eb
681 1176 846 1235 Arsideum
870 1196 938 1234 curn
959 1176 1089 1236 exercitu

173 1272 268 1330 mittit.
311 1272 399 1330 Cadit
423 1271 454 1329 in
476 1272 577 1348 proelio
602 1272 780 1330 adolescens.
831 1271 1032 1330 Proficiscitur
1053 1271 1089 1330 eb

43 1421 45 1425 ,
117 1366 154 1424 10
173 1379 264 1442 pater,
279 1367 392 1447 nonita
403 1386 470 1425 cum
481 1368 588 1443 magnai
599 1387 698 1440 manu,
708 1368 818 1440 celans,
833 1378 974 1442 quantum
985 1368 1091 1426 vulnus

173 1463 345 1538 accepissem
367 1460 444 1537 qubd
466 1460 546 1538 priris
568 1462 605 1519 ad
629 1463 742 1520 hostem
766 1461 915 1536 pervenire
938 1462 1087 1538 cupiebat,

171 1555 259 1633 quam
277 1559 314 1614 de
339 1578 369 1614 re
394 1556 469 1615 male
492 1558 575 1634 gestit
597 1558 675 1614 fama
698 1557 734 1613 ad
756 1575 824 1614 suos
842 1556 1026 1632 perveniret:
1047 1576 1087 1615 ne

173 1654 291 1730 cognita
307 1653 357 1710 filii
373 1665 463 1711 morte
487 1653 575 1710 animi
598 1652 816 1709 debilitarentur
840 1650 974 1708 militum.
1016 1650 1087 1712 Quo

172 1750 371 1821 contenderat,
387 1749 527 1824 pervenit,
543 1749 643 1823 hisque
655 1746 727 1805 locis
741 1757 836 1803 castra
850 1745 943 1822 ponit,
954 1757 985 1804 ut
994 1766 1088 1822 neque

115 1844 152 1900 15
173 1843 319 1900 circumiri
333 1843 519 1900 multitudine
542 1842 770 1900 adversariorum
794 1853 901 1917 posset,
924 1861 1019 1916 neque
1038 1843 1089 1899 im-

171 1938 274 2014 podiri,
302 1936 359 2012 qud
387 1936 485 1996 minias
513 1939 549 1995 ad
586 1937 786 1994 dimicandum
818 1954 936 1993 manum
969 1937 1088 1996 haberet

68 2021 72 2030 ’
171 2033 344 2108 expeditam.
388 2032 459 2090 Erat
483 2051 551 2089 cum
573 2051 608 2089 eo
631 2031 885 2090 Mithrobarzanes
907 2051 991 2090 socer
1014 2033 1087 2110 ejus,

170 2130 323 2205 praefectus
350 2127 489 2203 equiturn.
542 2128 582 2201 Is,
611 2127 770 2203 desperatis
797 2126 898 2202 generi
926 2127 1023 2200 rebus,
1051 2129 1087 2185 ad

171 2225 269 2282 hostes
283 2224 446 2299 transfugit.
489 2224 524 2281 Id
538 2223 679 2281 Datames
693 2234 725 2280 ut
745 2222 864 2295 audivit,
886 2222 987 2295 sensit,
1008 2222 1033 2280 si
1055 2222 1085 2280 in

110 2320 151 2377 20
170 2320 284 2377 turbam
298 2317 415 2389 exisset,
431 2319 467 2375 ab
481 2318 597 2375 homine
611 2330 671 2376 tam
694 2317 860 2376 necessario
883 2336 915 2374 se
936 2317 1083 2391 relictum,

170 2414 308 2484 futurum,
331 2423 363 2470 ut
385 2412 482 2470 ceteri
497 2413 650 2470 consilium
672 2424 870 2488 sequerentur.
919 2410 956 2470 In
978 2414 1083 2489 vulgus

169 2508 249 2566 edit:
270 2528 321 2565 saa
324 2508 413 2583 jassa
427 2508 692 2566 Mithrobarzanem
701 2506 864 2585 proflatam
872 2526 930 2584 pro
938 2506 1082 2584 perfugii,

170 2600 373 2678 qadfaailitls,
388 2612 527 2680 receptas,
539 2604 711 2681 interficeret
725 2605 824 2661 hostes.
870 2602 972 2671 Quare
995 2604 1081 2661 relin-

169 2698 220 2774 qui
233 2717 293 2755 eam
306 2718 362 2754 nort
379 2717 441 2774 par
458 2718 526 2771 esse,
542 2707 568 2756 at
590 2718 681 2756 omnes
703 2698 850 2776 confestim
863 2699 951 2774 sequi.
999 2698 1088 2766 Quod

108 2792 150 2850 25
169 2794 195 2850 si
209 2794 303 2850 anima
317 2802 432 2850 strenua
446 2791 600 2869 fecissent,
614 2792 762 2868 faturum,
787 2802 820 2850 ut
843 2792 1009 2851 adversarii
1030 2812 1085 2851 narr

163 2896 282 2965 possent
295 2889 435 2962 resistere,
450 2908 534 2966 quam
549 2897 576 2946 at
589 2889 670 2952 intra
683 2890 788 2947 vallam
803 2897 830 2946 et
844 2887 928 2963 foris
948 2889 1085 2946 crodmari·

168 2991 225 3042 tar.
267 2984 334 3042 Hto
358 3003 389 3043 re
403 2984 534 3060 probati,
559 2984 717 3043 exercitum
741 2983 850 3056 educit,
873 2982 1086 3049 Mithrobarza-

168 3096 235 3135 nem
249 3079 429 3155 persequitur
441 3098 448 3150 ;
469 3079 518 3154 qui
531 3079 646 3138 tantiam
659 3077 737 3154 quod
750 3079 785 3136 ad
798 3081 895 3137 hostes
904 3091 1083 3154 pervenerat,

169 3170 307 3229 Datames
320 3174 405 3249 signa
419 3172 518 3231 inferri
527 3175 618 3249 jubet.
661 3173 776 3246 Pisidae,
791 3174 867 3231 novit
877 3194 909 3231 re
931 3174 1079 3246 commoti,

108 3264 149 3323 30
169 3264 199 3321 in
212 3266 377 3340 opinionem
394 3269 587 3340 adducuntur,
609 3269 745 3345 perfugas
766 3269 844 3326 mali
863 3269 920 3326 fide
944 3272 1084 3345 composi·

167 3358 254 3435 tbque
293 3362 408 3435 iecisse,
435 3374 478 3434 ut,
506 3363 626 3438 recepti,
654 3375 752 3421 essent
789 3363 891 3438 majori
916 3363 1082 3422 calamitati.
1146 3351 1150 3359 ⁴

168 3453 296 3511 Primiim
312 3475 361 3513 eos
376 3458 554 3515 adoriuntur.
598 3458 644 3515 Illi
659 3479 758 3533 quum,
772 3459 841 3534 quid
867 3470 1013 3533 ageretur,
1036 3468 1083 3517 aut

167 3550 357 3627 quarafieret,
381 3552 557 3628 ignorarent,
580 3554 675 3611 coacti
700 3566 768 3613 sunt
787 3573 855 3612 cum
876 3553 920 3611 eis
940 3572 1083 3630 pugnare,
