2392 4132
114 339 154 398 Μ
497 346 763 398 EPA-MINONDAS.

175 505 267 566 batur.
309 505 410 581 Itaque
430 525 519 582 quum
540 505 570 564 in
590 506 732 564 circulum
753 504 888 578 venisset,
909 504 1016 581 inquo
1037 516 1087 567 aut

174 603 210 660 de
230 600 378 677 republiod
400 600 604 676 disputaretur,
622 612 672 658 aut
685 600 721 657 de
735 599 915 676 philosophici
929 619 1024 658 serino
1037 603 1088 659 ha·

173 698 297 768 beretur,
312 713 460 770 nunquam
481 695 551 753 inde
570 693 650 771 priris
671 695 813 767 discessit,
833 696 919 770 qudm
942 696 978 752 ad
998 697 1085 754 finem

173 811 266 849 sermo
290 801 366 849 esset
383 791 541 849 adductus.
578 790 781 865 Paupertatem
809 786 889 847 uded·
909 789 995 848 facile
1023 810 1086 866 per·

133 889 153 945 5
172 906 273 963 pessus
286 896 340 958 est,
355 897 387 943 ut
406 885 443 942 de
459 885 608 961 republiod
622 885 694 942 nihil
708 896 810 961 praeter
824 884 945 960 gloriam
966 885 1084 960 ceperit.

172 982 342 1039 Amicorum
369 980 399 1038 in
426 1001 457 1038 se
481 981 590 1039 tuendo
616 981 710 1038 caruit
736 979 938 1048 facultatibus3
966 981 1023 1037 fide
1048 981 1085 1038 ad

172 1076 243 1135 alios
263 1076 454 1135 sublevandos
476 1075 552 1152 saepe
573 1076 615 1132 sic
632 1095 701 1133 usus
722 1086 775 1148 est,
790 1087 823 1134 ut
841 1075 931 1152 possit
948 1074 1084 1152 judicari,

171 1172 269 1230 omnia
283 1171 310 1228 ei
324 1190 391 1228 cum
407 1170 508 1228 amicis
522 1170 610 1228 fuisse
625 1169 799 1228 communia.
840 1168 870 1227 N
872 1189 918 1227 arn
932 1189 1021 1244 quum
1036 1181 1085 1229 aut

172 1266 277 1323 civium
302 1284 418 1323 suorum
442 1265 545 1340 aliquis
569 1266 605 1322 ab
632 1265 762 1323 hostibus
791 1275 868 1323 esset
895 1276 1006 1341 captus,
1035 1276 1085 1325 aut

114 1363 152 1419 10
171 1361 251 1437 virgo
276 1360 362 1418 amici
385 1359 492 1417 nubilis
515 1371 629 1436 propter
647 1371 845 1436 paupertatem
868 1359 1005 1418 collocari
1025 1379 1083 1418 non

170 1468 276 1532 posset,
292 1456 450 1513 amicorum
465 1455 622 1513 concilium
643 1455 778 1527 habebat,
792 1467 832 1528 et,
850 1467 989 1530 quantum
1009 1455 1084 1530 quis·

170 1572 226 1628 que
247 1552 337 1624 daret,
358 1570 410 1627 pro
430 1551 569 1626 cujusque
590 1550 775 1608 facultatibus
789 1550 956 1626 imperabat.
998 1549 1084 1609 Eam·

170 1667 226 1722 que
241 1665 382 1704 summam
395 1663 486 1720 quum
506 1646 625 1717 fecerat,
645 1644 811 1720 priusquam
832 1644 977 1720 acciperet
995 1664 1083 1721 pecu·

171 1741 260 1813 niam,
282 1741 444 1798 adducebat
463 1759 540 1812 eum,
561 1739 610 1814 qui
630 1741 786 1814 quaerebat,
808 1741 843 1797 ad
864 1759 924 1811 eos,
944 1739 994 1814 qui
1014 1760 1082 1799 con·

114 1834 152 1893 15
172 1836 319 1893 serebant:
340 1833 424 1908 eique
438 1845 470 1891 ut
483 1833 537 1908 ipsi
551 1845 747 1906 numerarent,
763 1833 904 1891 saoiebat:
925 1845 958 1891 ut
971 1833 1030 1906 ille,
1045 1835 1082 1892 ad

171 1948 258 2004 quem
278 1947 315 1985 ea
333 1947 379 1985 res
399 1927 594 2003 perveniebat,
610 1927 708 2002 sciret,
728 1940 868 2004 quantum
888 1928 992 2003 cuique
1012 1929 1082 1987 deb·

169 2034 239 2082 eret.

210 2116 264 2176 IV.
305 2116 435 2176 Tentata
456 2130 551 2176 antem
571 2119 635 2195 ejus
654 2130 699 2177 est
720 2117 895 2177 abstinentia
921 2136 938 2176 a
964 2117 1082 2177 Diome·

170 2214 258 2271 donte
278 2213 438 2289 cyziceno.
477 2212 612 2289 Namque
626 2213 651 2272 is
670 2225 773 2290 rogatu
792 2212 963 2273 Artaxerxis
976 2214 1082 2290 Epam-

110 2308 151 2366 20
170 2306 308 2364 inondum
343 2306 471 2382 pecunie
505 2309 748 2383 corrumpendum
785 2320 959 2384 susceperat.
1021 2309 1081 2369 Hic

170 2420 276 2477 magno
297 2420 364 2458 cunr
387 2400 514 2476 pondere
536 2401 598 2459 auri
618 2401 739 2460 Thebas
757 2401 846 2475 venit,
867 2414 897 2461 et
916 2402 1081 2478 Micythum

170 2497 416 2554 adolescentulum
429 2496 556 2572 quinque
566 2497 683 2556 talentis
698 2499 734 2555 ad
748 2517 830 2556 suam
838 2498 973 2574 perduxit
982 2499 1082 2559 volun·

168 2602 275 2650 tatem:
309 2610 394 2667 quem
421 2603 483 2650 tum
509 2592 727 2669 Epaminondas
749 2591 904 2669 plurimum
930 2592 1079 2670 diligebat.

169 2685 318 2760 Micythus
338 2686 570 2762 Epaminondam
591 2687 736 2761 convenit,
750 2699 780 2747 et
800 2706 919 2745 causum
939 2688 1081 2749 adventus

108 2783 150 2842 25
169 2781 372 2841 Diomedontis
407 2780 541 2839 ostendit.
595 2782 638 2840 At
671 2781 719 2841 ille
750 2782 943 2842 Diomedonte
969 2802 1080 2859 coram,

168 2878 265 2950 Nihil,
280 2875 382 2951 inquit,
397 2895 467 2953 opus
482 2874 609 2952 pecuaa'd
630 2884 679 2934 est.
720 2877 800 2935 Nam
819 2877 847 2934 si
866 2895 901 2934 ea
919 2874 986 2934 Rea
1006 2878 1079 2951 vau,

168 2992 231 3050 quea
256 2971 481 3035 'flathecheim
500 2972 597 3045 utilia,
608 2972 720 3046 gratiis
731 2970 838 3047 secere
853 2990 914 3028 sum
927 2980 1078 3046 paratur

168 3068 214 3123 sin
228 3074 321 3124 antem
336 3066 494 3138 coenaria,
508 3085 565 3123 nort
578 3066 662 3124 habet
675 3066 743 3122 auri
756 3074 842 3141 atque
856 3065 973 3139 argenti
985 3062 1079 3129 satire

167 3179 286 3234 nomque
299 3159 377 3217 orbis
391 3168 533 3217 terrarum
546 3160 668 3217 divitias
683 3159 811 3234 acciprere
822 3159 895 3231 nolo,
901 3178 959 3235 pro
967 3160 1081 3235 patrio

108 3253 149 3312 30
169 3253 301 3310 caritate.
325 3262 329 3287 ²
348 3254 399 3327 Te,
411 3253 462 3330 qui
474 3273 515 3310 me
525 3253 702 3328 incognitum
712 3254 842 3326 tentasti,
853 3254 951 3329 tuique
961 3254 1080 3313 similest

168 3346 356 3420 eristamostr’,
383 3368 440 3406 rma
462 3349 560 3422 miror,
582 3349 690 3425 tibique
708 3349 844 3423 ignosco,-
877 3347 930 3405 sed
946 3346 1080 3422 egredere

162 3440 297 3520 propere,
321 3462 355 3499 rae
382 3444 455 3501 alios
482 3462 658 3520 corrumpas,
686 3462 770 3519 qaum
793 3463 834 3500 me
857 3461 914 3499 nort
934 3442 1078 3518 potueris.

174 3537 231 3611 tu,
251 3536 392 3613 Micyth,
413 3546 564 3613 argentum
583 3539 650 3596 huie
669 3538 774 3603 redde,-
797 3537 856 3595 rre‘sr'
875 3536 911 3594 r'd
928 3535 1079 3613 confestim
