2392 4132
357 305 387 361 Τ.
404 303 609 361 POMPONIUS
626 306 790 363 Amicus.
1032 303 1090 362 119

120 477 207 537 esset,
221 466 269 540 qui
282 487 340 525 non
360 481 511 544 utrumque
535 471 637 529 horum
658 470 779 548 pulchre
805 472 900 530 facere
923 481 1028 547 posset.

119 557 187 615 Pari
202 561 286 617 modo
301 563 424 620 artifices
439 565 546 636 caeteri,
561 584 632 640 quos
646 566 742 623 cultus
751 566 926 623 domesticus
935 566 1029 623 desid·

118 664 190 725 erat,
206 655 333 729 apprime
362 657 439 714 bonit
480 658 584 733 Neque
608 671 705 717 tamen
730 660 831 717 horum
855 679 1027 735 quenquam,

118 747 175 804 nisi
202 749 406 829 dominatum
434 753 568 826 domique
595 755 714 826 factum,
742 755 862 812 habuit:
888 756 962 828 quod
984 766 1029 812 est

118 844 233 918 signum
248 864 306 901 non
330 843 423 929 sqlhm
445 847 641 920 continentiae,
669 849 720 906 sed
746 849 833 907 etiam
860 849 1026 924 diligentiae.
1046 850 1067 905 5

117 932 148 995 N
150 957 196 994 am
209 950 237 996 et
251 958 310 996 non
324 939 549 1015 intemperanter
563 941 780 1016 concupiscere,
801 943 875 1016 quod
901 961 918 998 a
941 941 1028 1018 pluri·

117 1032 172 1090 mis
187 1033 293 1105 videas,
308 1033 484 1092 continentis
497 1036 584 1094 debet
597 1035 666 1092 duci
676 1047 734 1099 :.et
756 1034 852 1112 potius
866 1035 1017 1111 diligentia
1097 1036 1099 1040 ’

116 1125 202 1200 quim
229 1128 330 1203 pretio,
364 1147 475 1204 parare,
511 1149 569 1187 non
604 1130 758 1188 mediocris
790 1141 834 1188 est
868 1130 1016 1201 industriae

98 1256 101 1260 Δ
116 1220 255 1298 Elegans,
270 1243 328 1281 non
343 1223 531 1298 magnificum
553 1223 732 1299 splendidus,
746 1243 805 1282 non
822 1236 1006 1300 sumptuosus
1051 1206 1066 1225 ”

115 1317 196 1374 omni
210 1317 361 1392 diligentiis
375 1317 556 1390 munditiem,
571 1337 630 1376 non
644 1318 832 1392 affluentiam,
854 1319 1024 1376 affectabat:
1048 1319 1085 1376 10

115 1411 246 1485 supellex
259 1411 383 1482 modica,
398 1428 454 1469 uon
470 1413 570 1484 multa,
585 1412 661 1469 utin
674 1424 807 1471 neutram
828 1425 938 1489 partem
958 1433 1026 1472 con·

115 1505 189 1581 spici
201 1517 306 1580 posset.
348 1505 414 1563 Nec
428 1507 483 1563 hoc
502 1505 665 1581 praeteribo,
692 1525 855 1582 quanquam
879 1508 1026 1565 nonnullis

77 1641 80 1645 -
114 1599 178 1659 leve
205 1600 298 1657 visum
324 1599 360 1656 iri
385 1612 493 1676 putem.
533 1599 635 1660 Quum
663 1601 802 1676 imprimis
828 1601 924 1658 lautus
949 1611 1026 1659 esset
1098 1594 1105 1605 ’

114 1712 204 1769 eques
218 1694 379 1766 Romanus,
393 1707 423 1755 et
436 1712 494 1753 non
508 1693 609 1771 pariam
629 1695 786 1754 liberaliter
805 1697 922 1754 domum
943 1715 1024 1753 suam

113 1789 243 1847 omnium
260 1789 394 1847 ordinum
418 1790 549 1848 homiues
573 1790 717 1861 invitaret,
742 1790 860 1862 scimus,
884 1809 942 1848 non
967 1792 1083 1849 am-15

113 1881 191 1961 plids
204 1882 289 1959 quim
303 1896 386 1942 terna
399 1884 489 1941 millia
503 1883 577 1956 aeris,
591 1881 724 1960 perteque
744 1883 775 1941 in
796 1884 925 1959 singulos
945 1902 1025 1941 men·

113 1997 171 2051 ses,
185 1997 222 2036 ex
234 1977 429 2054 ephemeride,
449 1998 516 2035 eum
535 1997 694 2054 expensum
715 1979 842 2054 sumptui
864 1980 937 2037 serre
961 1979 1025 2037 soli·

112 2080 184 2132 tum.
225 2075 322 2148 Atque
336 2075 392 2131 hoc
405 2093 464 2131 non
480 2072 619 2146 auditum,
640 2074 691 2130 sed
716 2073 864 2148 cognitum
886 2073 1024 2148 praedica·

113 2187 187 2225 mus.
242 2166 326 2243 Saepd
354 2167 432 2225 enim
458 2179 572 2244 propter
600 2168 823 2226 familiaritatem
856 2167 1023 2225 domesticis

113 2263 200 2319 rebus
214 2261 404 2319 interfuimus.
1041 2263 1082 2321 20

153 2357 240 2415 XIV.
282 2355 379 2414 Nemo
392 2357 422 2413 in
433 2355 567 2415 ‚convivio
581 2356 644 2431 ejus
659 2356 736 2415 aliud
751 2375 885 2415 acroama
904 2356 1022 2429 audivit,

112 2449 200 2527 qudm
227 2462 426 2527 anagnosten:
458 2450 534 2524 quod
561 2471 614 2509 uos
640 2451 756 2525 quidem
780 2451 1023 2527 jucundissimum

73 2562 77 2568 ·
113 2545 294 2603 arbitramur.
327 2543 578 2618 Nequeunquam
599 2544 662 2602 sine
676 2544 772 2618 aliqui
798 2545 922 2603 lectione
947 2546 1023 2621 apud

112 2658 179 2698 eum
194 2651 339 2698 caenatum
353 2650 413 2710 est,
434 2649 539 2696 utnon
552 2635 649 2696 mimis
674 2638 780 2712 animo,
804 2637 890 2714 quim
912 2651 1021 2710 ventre,

112 2735 240 2793 convive
255 2735 476 2792 delectarentur.
517 2732 652 2808 Namque
675 2735 725 2792 eo's
748 2734 879 2807 vocabat,
901 2752 1022 2807 quorum
1040 2733 1081 2791 25

110 2848 237 2888 moresu
256 2829 316 2887 suis
337 2848 394 2887 non
420 2830 614 2886 abhorrerent.
654 2828 757 2889 Quum
784 2839 866 2886 tanta
890 2827 1024 2902 pecunia

111 2924 189 2985 facta
201 2936 279 2983 esset
292 2925 431 2997 accessio,
445 2924 518 2980 nihil
540 2924 576 2980 de
599 2922 766 2997 quotidiano
787 2922 868 2979 cultu
891 2921 1021 2993 mutavit,

110 3020 183 3079 nihil
199 3020 235 3076 de
249 3019 313 3077 vitae
329 3017 555 3076 consuetudine:
577 3015 714 3089 tantaque
736 3034 805 3072 usus
826 3026 870 3072 est
894 3014 1023 3072 modera-

109 3114 199 3187 tione,
214 3126 247 3172 ut
260 3133 354 3188 neque
368 3113 399 3171 in
413 3112 545 3171 sestertio
558 3111 658 3185 vicies,
671 3111 748 3186 quod
763 3128 780 3167 a
800 3119 883 3185 patre
903 3126 1023 3184 accepe-

109 3222 164 3282 rat,
188 3206 291 3286 partim
316 3228 347 3266 se
373 3205 525 3284 splendidd
554 3206 687 3283 gesserit,
711 3223 805 3279 neque
833 3204 863 3260 iu
890 3202 1021 3262 sestertio
1040 3204 1081 3262 30

109 3305 223 3364 centies
250 3302 415 3362 affluentius
440 3301 552 3373 vixerit,
585 3299 672 3376 quim
707 3299 879 3370 instituerat,
902 3297 1021 3373 parique

110 3399 226 3475 fastigio
252 3397 363 3456 steterit
390 3397 420 3454 in
447 3396 569 3470 utraque
609 3395 733 3453 fortuna.
787 3392 1020 3455 Nulloshabuit

109 3495 217 3568 hortos,
231 3493 342 3552 nullam
363 3491 559 3551 suburbanam
573 3501 623 3548 aut
639 3487 812 3546 maritimam
824 3497 1021 3562 sumptuosam
