2392 4132
428 345 698 401 tamassanus.
1043 334 1084 396 at

112 507 218 584 attigit,
233 508 290 566 uisi
305 525 395 582 arma,
410 529 531 584 quorum
556 510 715 587 indigebat,
731 522 770 582 et,
784 527 848 585 quaa
864 509 899 565 ad
914 509 1022 565 victum

111 605 304 680 pertinebant.
346 604 383 662 Iu
407 606 537 663 secundo
563 607 665 682 proelio
691 606 798 664 cecidit
824 604 942 675 Critias,
967 604 1026 660 dux

113 711 311 774 tyrannorum,
326 719 415 775 quum
429 701 546 775 quidem
560 704 736 760 exadversus
745 701 962 776 Thrasybulum
972 699 1026 756 lor·

113 794 224 852 tissime
239 807 391 871 pugnaret.

151 889 209 946 III.
251 891 319 949 Hoc
343 891 467 966 dejecta,
493 891 652 948 Pausanias
676 892 754 949 venit
779 891 886 949 Atticis
908 891 1025 964 auxilio,
1045 892 1066 949 5

112 1004 163 1042 rex
184 985 480 1044 Lacedaemoniorum.
523 986 554 1043 Is
578 987 652 1045 inter
675 986 891 1062 Thrasybulum
913 999 942 1044 et
965 1006 1025 1060 eos,

113 1080 162 1165 qui
177 1081 277 1138 urbem
292 1082 440 1153 tenebant,
455 1081 525 1140 iecit
536 1101 650 1157 pacem,
672 1083 717 1140 his
736 1082 971 1141 conditionibus:
992 1103 1026 1141 ne

114 1176 174 1250 qui,
184 1185 294 1251 prater
315 1178 444 1250 triginta
457 1184 607 1253 tyrannos,
622 1188 649 1235 et
662 1179 762 1250 decem,
775 1180 834 1255 qui,
846 1186 1027 1255 posteaproe-

113 1279 188 1328 tores
203 1273 304 1344 creati,
319 1273 475 1348 superioris
489 1293 563 1330 more
578 1273 757 1331 crudelitatis
781 1282 864 1331 eraut
888 1275 944 1346 usi,
967 1274 1026 1350 affi-

76 1408 78 1415 .
114 1369 244 1442 cereatu'r
270 1369 372 1431 exiliat
406 1388 473 1425 acac
498 1368 572 1426 boae
590 1369 832 1446 publicarentur3
861 1369 1024 1446 reipublice
1048 1370 1086 1426 10

108 1446 281 1540 procuratio
290 1464 398 1540 populo
422 1464 595 1522 redderetur.
637 1464 812 1522 Praeclarum
837 1467 892 1523 hoc
914 1484 1026 1541 quoque

114 1557 301 1633 Thrasybuli,
316 1558 404 1634 qued,
418 1560 606 1618 reconciliati
620 1579 704 1636 pace,
718 1559 977 1635 quamplurimum
995 1561 1026 1617 in

114 1654 231 1712 civitate
245 1666 352 1730 posset,
365 1656 460 1730 legem
474 1656 556 1713 tulit:
577 1675 611 1713 ac
626 1657 690 1731 quis
705 1652 772 1712 cate
787 1663 916 1711 actarum
934 1673 1028 1711 rerum

50 1773 60 1791 0
114 1759 309 1823 accusaretur,
337 1771 403 1808 aeae
430 1752 624 1815 multaretur3
658 1769 780 1824 eamque
809 1749 849 1806 illi
877 1749 1027 1807 oblivionis

115 1846 304 1921 appellarunt.
347 1845 450 1921 Neque
467 1844 534 1904 verri
549 1848 625 1903 hanc
639 1844 753 1904 tanturn
774 1847 922 1904 serendam
946 1865 1027 1903 cura·
1049 1845 1087 1902 15

115 1940 165 2013 vit,
180 1942 343 2014 sedetiam,
358 1952 391 1999 ut
411 1942 529 2014 caleret,
551 1941 656 2000 effecit.
698 1941 776 1999 Nam
797 1961 886 2017 quum
910 1941 1028 2016 quidam

115 2055 152 2093 ex
166 2035 221 2110 his,
236 2037 285 2112 qui
300 2037 385 2095 simul
400 2056 467 2095 cum
481 2056 516 2096 eo
530 2038 560 2094 in
575 2038 661 2096 exilio
676 2038 799 2110 fuerant,
812 2039 921 2094 caedem
932 2039 1027 2096 facere

115 2150 215 2190 eorum
230 2132 347 2205 vellent,
362 2152 430 2190 cum
444 2133 549 2208 quibus
564 2133 727 2209 ingratiam
739 2134 863 2191 reditum
875 2145 946 2205 erat,
958 2134 1029 2209 pub-

114 2224 171 2284 lice
187 2227 344 2303 prohibuit,
359 2240 389 2287 et
403 2228 442 2300 id,
458 2229 534 2303 quod
548 2228 694 2304 pollicitus
708 2239 779 2301 erat,
794 2228 935 2303 praestitit.

125 2327 128 2332 ’
153 2323 207 2381 IV.
249 2323 330 2382 Huic
343 2344 398 2401 pro
409 2323 498 2382 tantis
512 2324 622 2382 meritis
636 2325 753 2382 honoris
767 2343 873 2381 corona
893 2323 1028 2400 apopulo
1047 2325 1088 2382 ‘20

115 2419 183 2478 data
209 2433 264 2491 est,
289 2421 366 2478 facta
390 2421 502 2477 duabus
526 2420 645 2495 virgulis
666 2419 816 2495 oleagina,
839 2438 926 2494 quam
950 2417 1028 2493 quiid

116 2533 194 2574 amor
208 2515 327 2588 civium,
338 2535 397 2573 non
412 2515 455 2572 vis
469 2526 659 2590 expresserat,
674 2516 784 2572 nullam
804 2515 905 2572 habuit
927 2514 1030 2571 invidi-

83 2599 88 2608 ’
116 2630 172 2684 ern,
200 2611 363 2687 magnique
393 2611 447 2669 fuit
470 2611 571 2688 gloria.
623 2611 703 2668 Bene
728 2629 797 2686 ergo
818 2610 948 2668 Pittacus
970 2611 1029 2683 ille,
1119 2655 1122 2664 .

40 2765 43 2769 ,
115 2707 165 2782 qui
186 2718 296 2783 septem
325 2706 488 2783 sapientum
520 2725 642 2765 numero
673 2718 718 2764 est
745 2706 870 2778 habitus,
895 2725 983 2780 quum
1003 2705 1030 2761 ei

117 2799 277 2876 Mytilenaei
304 2802 394 2860 multa
417 2802 508 2860 millia
527 2803 662 2878 jugerum
685 2802 746 2878 agri
769 2820 890 2858 munera
915 2802 1027 2871 darent,
1048 2800 1088 2857 25

116 2895 224 2969 Nolite,
240 2915 289 2953 are
303 2916 362 2969 aas,
377 2896 480 2971 inquit,
495 2897 529 2953 id
539 2897 609 2953 milti
623 2897 702 2968 dare,
726 2896 803 2972 qued
821 2897 903 2952 ntulti
924 2895 1031 2952 iuvide-

116 2998 177 3064 aut,
192 2992 294 3068 plures
321 2992 406 3050 etiam
434 2993 644 3068 concupiscant.
697 2991 798 3058 Quare
822 3010 854 3047 ea
877 2991 943 3046 istis
967 2991 1030 3048 nolo

116 3087 250 3162 anplius,
278 3085 364 3164 qudm
399 3097 507 3145 centum
529 3085 652 3162 jugera,
687 3105 750 3162 aaa
777 3093 804 3143 et
830 3104 917 3142 meam
941 3088 1031 3144 animi

116 3183 279 3258 equitatem
292 3191 320 3241 et
332 3192 456 3241 cestram
469 3184 641 3241 voluntatem
666 3183 801 3241 iudicent.
844 3180 922 3238 Nam
942 3201 1030 3258 parva

116 3296 248 3350 munera,
262 3278 386 3353 diutina,
398 3280 554 3355 locupletia
573 3298 631 3337 non
656 3279 771 3355 propria
789 3297 853 3335 esse
873 3298 1029 3337 consueve-
1049 3280 1088 3337 3ss

115 3385 191 3433 runt.
233 3372 289 3433 Illa
303 3375 391 3451 igitur
405 3376 512 3433 coromi
536 3385 691 3433 contentus
715 3374 916 3448 Thrasybulus
936 3389 1030 3448 neque

117 3467 240 3548 amplius
250 3470 409 3546 requisivit,
423 3489 518 3545 neque
529 3488 692 3545 quenquam
717 3470 826 3527 honore
848 3489 879 3526 se
901 3480 1031 3527 anteces-

116 3563 189 3626 r'ma
206 3565 392 3626 existimarit.
434 3565 495 3624 Hic
513 3564 646 3642 sequenti
666 3575 796 3642 tempore
815 3583 903 3640 quum
925 3570 1029 3640 praetor
