2392 4132
466 296 515 349 DE
531 295 696 349 REGIBUS.
1052 289 1094 349 W

127 466 279 516 senectute
299 457 377 514 diem
396 457 469 515 obiit
492 475 666 532 supremum.
708 453 786 514 Tres
807 465 876 515 suut
899 466 1037 532 preterea

127 553 258 628 ejusdem
272 551 398 628 generis,
409 551 533 623 Xerxes,
548 563 577 609 et
591 552 649 610 duo
662 552 848 624 Artaxerxes,
871 549 1037 610 Macrochir

127 659 157 706 et
171 647 320 706 Mnemon.
361 646 454 704 Xerxi
468 645 593 703 maxima
607 658 652 705 est
662 646 782 719 illustre,
801 644 879 722 qudd
903 644 1036 703 maximis

127 753 192 818 post
218 742 368 800 hominum
395 740 563 798 memoriam
589 740 764 799 exercitibus
800 741 877 798 terni
907 739 1036 815 marique

129 837 235 907 bollum
249 836 346 894 intulit
359 835 489 893 Graeciae.
531 835 573 892 At
586 834 751 893 Macrochir
764 834 940 910 precipuum
950 834 1037 892 habet
1054 834 1076 891 ὅ

128 932 243 990 laudem
270 929 454 1007 amplissimae
480 929 736 1006 pulcherrimeque
764 928 891 1004 corporis
921 929 1035 998 formae3

128 1044 213 1102 quam
241 1024 405 1082 incredibili
430 1023 542 1085 ornavit
568 1024 672 1082 virtute
699 1023 775 1081 belli.
828 1023 962 1098 Namque
988 1021 1037 1080 illo

129 1120 232 1177 Perses
245 1138 331 1177 nemo
344 1118 398 1176 fuit
411 1136 499 1175 mauu
513 1117 619 1176 fortior.
662 1117 802 1176 Mnemon
814 1128 910 1175 autem
917 1115 1036 1192 justitie

129 1215 206 1273 samii
220 1213 323 1273 floruit.
366 1214 445 1271 Nam
459 1233 547 1289 quum
561 1213 661 1273 matris
686 1231 744 1271 suae
764 1213 873 1271 scelere
895 1211 1037 1270 amisisset

129 1329 260 1383 uxorem,
274 1308 388 1368 tantum
400 1309 520 1367 indulsit
533 1308 634 1381 dolori,
648 1321 680 1368 ut
698 1327 766 1366 eum
789 1308 882 1384 pietas
898 1307 1036 1366 vinceret
1059 1306 1096 1365 1⁰

130 1404 176 1462 Ex
190 1405 235 1462 his
249 1406 307 1462 duo
319 1405 421 1463 eodem
436 1404 552 1462 nomine
571 1404 671 1462 morbo
692 1415 802 1463 naturae
823 1403 952 1461 debitum
974 1403 1037 1461 red-

129 1499 282 1557 diderunt:
303 1498 406 1557 tertius
431 1498 468 1556 ab
495 1498 656 1571 Artabano,
681 1498 828 1573 prefecto,
852 1498 928 1555 ferro
951 1496 1037 1554 iuter·

130 1607 245 1671 emptus
258 1605 311 1652 est.

169 1689 211 1746 II.
253 1688 299 1747 Ex
312 1687 508 1747 Macedonum
523 1699 619 1746 autern
632 1706 739 1764 genere
750 1688 808 1745 duo
818 1687 909 1745 multo
919 1697 1038 1745 ceteros
1118 1718 1121 1723 ·

130 1795 349 1842 antecesserunt
362 1802 458 1841 rerum
469 1795 615 1859 gestarum
625 1783 736 1859 glorid3
758 1782 917 1858 Philippus,
929 1783 1039 1857 Amyn·
1060 1781 1097 1839 15

130 1890 168 1937 tae
181 1878 267 1950 filius,
281 1889 311 1937 et
324 1879 491 1937 Alexander
505 1877 641 1954 Magnus.
683 1878 796 1936 Horum
808 1878 879 1937 alter
890 1877 1038 1952 Babylone

130 1973 231 2031 morbo
251 1984 440 2048 consumptus
465 1984 517 2031 est.
567 1972 717 2049 Philippus
740 1973 825 2048 AEgis
844 1992 861 2031 a
883 1972 1037 2045 Pausania,

130 2087 219 2142 quum
233 2079 393 2142 spectatum
407 2068 490 2125 ludos
504 2067 568 2141 iret,
582 2067 666 2144 juxta
683 2069 826 2126 theatrum
847 2068 962 2127 occisus
985 2079 1037 2126 est

130 2162 214 2220 Unus
227 2162 370 2239 Epirotes,
386 2162 521 2237 Pyrrhus,
536 2163 585 2238 qui
599 2181 666 2220 curn
680 2163 785 2238 populo
799 2162 934 2220 Romano
948 2162 1035 2219 bella·

131 2256 180 2314 vit.
221 2256 252 2314 Is
265 2275 354 2332 quum
368 2257 463 2332 Argos
482 2257 620 2333 oppidum
643 2270 823 2334 oppugnaret
845 2257 875 2314 in
899 2257 1039 2333 Pelopon·
1057 2256 1098 2314 20

131 2371 213 2423 neso,
227 2351 322 2427 lapide
336 2351 411 2409 ictus
426 2351 543 2410 interiit.
584 2352 668 2410 Unus
689 2353 758 2410 item
780 2351 907 2425 Siculus,
931 2352 1039 2427 Diony·

132 2447 192 2504 sius
205 2447 290 2522 prior.
332 2446 410 2503 Nam
425 2457 454 2504 et
467 2465 556 2503 manu
570 2447 660 2519 fortis,
674 2459 705 2504 et
718 2446 786 2503 belli
799 2447 907 2522 peritus
922 2447 985 2518 fuit,
999 2459 1029 2504 et

131 2542 162 2599 id
175 2543 251 2617 quod
265 2543 294 2599 in
309 2553 432 2617 tyranno
446 2561 506 2601 non
518 2541 605 2614 facila
626 2541 777 2618 reperitur,
801 2539 921 2599 minime
946 2541 1039 2598 libidi-

131 2656 231 2709 nosus,
244 2656 303 2694 nou
316 2636 489 2710 luxuriosus,
504 2656 562 2696 uon
588 2655 700 2710 avarus,
722 2635 830 2694 nullius
849 2635 891 2694 rei
914 2635 1039 2711 denique

131 2731 264 2807 cupidus,
279 2731 337 2789 uisi
350 2731 504 2808 singularis
517 2732 705 2808 perpetuique
719 2731 842 2808 imperii,
863 2731 902 2788 ob
919 2749 1039 2805 eamque
1058 2730 1099 2788 25

131 2845 193 2885 rem
215 2826 349 2885 crudelis.
390 2826 469 2884 Nam
496 2828 565 2884 dum
592 2827 622 2884 id
649 2826 759 2884 studuit
782 2826 906 2894 munire,
930 2825 1040 2882 nullius

131 2920 262 2996 pepercit
281 2921 357 2994 vitea,
383 2940 469 2996 quern
492 2921 556 2996 ejus
582 2920 779 2979 insidiatorem
802 2929 924 2996 putaret.
980 2918 1040 2977 Hic
1114 2928 1117 2933 '

130 3034 221 3091 quurn
233 3015 338 3075 virtute
365 3015 548 3091 tyrannidem
562 3015 618 3075 sibi
635 3015 803 3092 peperisset,
826 3014 933 3090 magud
953 3013 1041 3071 retin-

131 3110 175 3169 uit
188 3110 336 3184 felicitata,
350 3112 496 3187 majorque
512 3131 603 3170 annos
621 3111 773 3188 sexaginta
793 3122 889 3182 natus,
914 3108 1041 3168 decessit

131 3205 252 3265 florente
279 3225 379 3282 regno.
432 3206 537 3281 Neque
563 3207 594 3264 in
621 3218 680 3265 tam
707 3205 805 3265 multis
830 3204 914 3263 anuis
945 3204 1041 3280 cujus·
1059 3203 1100 3262 30

131 3319 269 3376 quamam
283 3301 336 3359 suti
349 3301 437 3376 stirpe
452 3302 539 3359 funus
560 3301 640 3375 vidit,
662 3321 749 3378 quum
774 3299 924 3358 extribus
947 3298 1041 3358 uxori·

133 3396 188 3454 bus
200 3395 307 3455 liberos
319 3396 499 3472 procreasset
512 3396 652 3471 multique
666 3397 694 3455 ei
712 3396 773 3455 nati
793 3406 891 3453 essent
912 3406 1039 3470 nepotes.

172 3489 231 3549 111.
273 3491 557 3569 Pueruutpraeterea
569 3493 650 3550 multi
665 3511 749 3568 reges
769 3510 806 3549 ex
827 3489 930 3549 amicis
953 3490 1041 3549 Alex·
