2392 4132
509 317 634 370 cruos.
659 340 662 347 ·
972 393 981 407 ι
1045 314 1086 371 23
1153 387 1155 391 ¹

112 482 257 540 animatas
271 479 460 552 confirmavit,
470 480 611 538 alienatas
622 481 658 537 ad
669 480 796 538 officium
806 481 905 537 redire
918 478 1025 556 coegit

113 579 248 652 Scyrum,
272 594 359 650 quam
382 595 418 634 eo
441 586 569 650 tempore
594 576 721 652 Dolopes
748 575 924 647 incolebant,
949 573 1026 651 quod

110 669 316 731 contumacids
339 689 370 728 se
392 683 551 745 gesserant,
574 671 745 743 vacuefecit,
767 689 892 729 sessores
916 682 1027 728 veteres

111 770 186 827 urbe
207 767 358 840 insulisque
382 765 479 840 ejecit,
502 784 586 840 egros
609 765 722 823 civibus
745 764 850 822 divisit.
900 764 1027 822 Thasios

110 861 265 939 opulentiis
285 862 372 919 fretos
393 878 446 917 suo
466 861 591 917 adventu
611 860 706 935 fregit.
747 859 805 919 His
824 878 861 917 ex
881 860 1026 917 manubiis
1064 860 1086 917 5

115 960 297 1016 Athenarum
311 974 372 1027 nrx,
386 951 443 1029 qui
458 955 495 1011 ed
509 954 659 1012 meridiem
672 955 775 1030 vergit,
789 965 834 1013 est
846 966 956 1013 ornate

153 1052 212 1109 ΙΙΙ.
253 1050 372 1114 Quibus
392 1051 480 1108 rebus
502 1069 591 1124 quum
612 1069 688 1107 unus
710 1049 741 1107 in
762 1049 879 1108 civitate
900 1046 1025 1107 maximi

113 1147 237 1219 floreret,
257 1146 360 1204 incidit
381 1146 410 1202 in
431 1146 555 1202 eandem
576 1145 724 1217 invidiam,
739 1164 825 1220 quam
845 1156 925 1221 pater
946 1165 1026 1218 suus,

110 1243 259 1317 ceterique
274 1240 499 1322 Atheniensium
518 1241 671 1316 principes.
713 1240 790 1298 Nem
811 1253 949 1299 testarum
970 1242 1027 1298 suf·

113 1338 225 1413 fragiis,
246 1338 322 1411 quod
344 1336 384 1394 illi
404 1336 605 1394 ostracismum
626 1347 741 1408 vocant,
761 1337 864 1393 decem
885 1355 1026 1394 annorum
1048 1337 1086 1392 10

112 1432 200 1490 exilio
221 1433 358 1489 multatus
379 1441 430 1488 est.
473 1431 566 1506 Cujus
586 1431 655 1489 facti
675 1429 799 1489 celerius
819 1432 1025 1503 Athenienses,

112 1524 199 1602 quim
214 1526 317 1601 ipsum,
331 1525 474 1600 poenituit.
515 1524 593 1581 Nam
606 1544 695 1600 quum
712 1525 759 1582 ille
781 1526 847 1584 sorti
868 1526 964 1584 animo
984 1526 1026 1582 in·

110 1622 197 1678 vidis
218 1621 395 1696 ingratorum
416 1619 522 1677 civium
544 1620 690 1692 cessisset,
705 1620 870 1694 bellumque
890 1621 1026 1678 Lacedae-
1111 1628 1115 1634 '

65 1708 75 1714 ’
112 1715 203 1774 monii
224 1714 456 1772 Atheniensibus
476 1713 667 1783 indixissent3
695 1714 847 1772 confestim
868 1726 943 1771 note
963 1715 1026 1790 ejus

111 1811 225 1870 virtutis
239 1810 415 1867 desiderium
428 1822 618 1868 consecutum
632 1821 684 1867 est.
726 1809 829 1884 Itaque
841 1822 905 1886 post
918 1829 1025 1868 annum
1047 1812 1085 1870 15

111 1906 255 1982 quintum,
269 1902 356 1980 quim
370 1905 512 1980 'expulsus
528 1916 600 1977 erat,
615 1906 645 1962 in
659 1904 782 1980 petriam
802 1918 954 1964 revocatus
972 1917 1025 1964 est.

113 2001 178 2074 Ille,
198 1999 276 2076 quod
305 1999 430 2075 hospitio
454 2000 742 2070 Lacedaemoniorum
762 2001 908 2072 utebatur,
936 2001 1026 2059 satius

112 2097 291 2168 existimans,
312 2096 489 2153 contendere
513 2094 764 2166 Lacedaemonem,
785 2095 839 2151 sud
862 2106 962 2170 sponte
982 2108 1027 2153 est

111 2192 269 2268 profectus,
289 2209 449 2266 pacemque
470 2189 545 2248 inter
565 2190 639 2247 duas
661 2189 875 2266 potentissimas
895 2189 1027 2247 civitates

109 2285 287 2344 conciliavit.
328 2283 408 2357 Post,
422 2303 517 2359 neque
531 2285 571 2344 ito
584 2283 686 2358 multo,
697 2285 826 2361 Cyprum
840 2304 907 2342 cum
918 2286 1027 2343 dueen·
1045 2286 1086 2344 2⁰

111 2380 149 2438 tis
162 2379 286 2438 navibus
299 2379 452 2455 imperator
466 2379 580 2452 missus,
591 2399 680 2454 quum
694 2380 757 2456 ejus
767 2380 905 2456 majorem
915 2392 1027 2456 portem

114 2475 215 2534 insulae
228 2474 392 2547 devicisset,
408 2474 438 2531 in
451 2475 584 2532 morbum
598 2475 755 2551 implicitus
772 2475 802 2533 in
822 2476 928 2551 oppido
949 2475 1027 2534 Citio

112 2582 157 2629 cst
170 2582 308 2628 mortuus.

151 2665 205 2723 IV.
247 2665 339 2722 Hune
355 2664 553 2723 Athenienses
573 2685 632 2724 non
653 2664 746 2723 sol—dm
766 2666 797 2722 in
817 2666 903 2738 bello,
924 2667 975 2723 sed
996 2664 1026 2723 in

113 2779 186 2837 poce
206 2761 257 2818 din
277 2760 521 2819 desideraverunt.
563 2760 632 2819 Fuit
651 2761 730 2818 enim
749 2761 830 2819 tanti
842 2761 1025 2832 liberalitate,
1044 2760 1086 2818 25

112 2875 202 2932 quum
226 2855 423 2932 compluribus
444 2856 517 2914 locis
537 2856 647 2930 predio
667 2857 820 2931 hortosque
842 2857 972 2926 haberet,
995 2867 1027 2912 ut

110 2970 262 3027 nunquam
283 2950 377 3009 ineis
397 2949 547 3008 custodem
568 2949 736 3025 imposuerit
756 2950 867 3007 fructds
893 2949 1026 3006 servandi

113 3046 216 3122 mauri,
230 3046 347 3122 nequis
365 3045 562 3121 impediretur,
577 3042 635 3119 qud
655 3043 752 3103 miniis
772 3043 836 3120 ejus
856 3045 951 3117 rebus,
966 3045 1028 3120 qui·

114 3141 166 3199 bus
185 3142 306 3217 quisque
326 3141 422 3213 vellet,
443 3142 594 3199 frueretur.
649 3139 770 3215 Semper
790 3157 857 3196 eum
877 3140 1028 3216 pedisequi

34 3229 37 3232 Δ
113 3256 179 3295 eum
193 3235 322 3294 nummis
335 3247 404 3294 sunt
416 3235 520 3308 secuti,
533 3245 576 3307 ut,
591 3233 615 3292 si
628 3232 693 3309 quis
706 3234 769 3309 opis
788 3233 851 3311 ejus
872 3234 1025 3311 indigeret,
1045 3235 1086 3293 30

113 3331 244 3405 haberet,
270 3331 346 3406 quod
373 3329 470 3389 statim
505 3331 596 3402 daret,
623 3349 661 3386 no
696 3328 856 3388 differendo
883 3330 1027 3389 videretur

113 3444 230 3503 negare.
273 3423 358 3502 Seps
373 3442 462 3500 quum
477 3424 600 3499 aliquem
620 3424 763 3483 offensum
784 3425 898 3484 fortunii
918 3425 1027 3484 videret

113 3519 210 3581 minus
224 3522 300 3580 bene
315 3519 459 3595 vestitum,
473 3538 559 3580 suum
573 3519 731 3579 amiculum
743 3519 832 3579 dedit.
885 3518 1028 3581 Quotidie
1085 3594 1088 3600 ¹
1174 3513 1175 3517 ’
