2392 4132
434 353 702 403 semimortuae.
1043 353 1085 411 66

122 509 205 583 facis,
233 529 286 585 ego
314 517 340 568 te
358 511 480 617 {gudam
505 513 702 586 magistratui.
744 514 835 573 Hunc
861 514 1025 575 Diomedon

120 625 205 680 quum
219 604 466 682 rogaret-tetum
480 607 564 678 exire,
578 627 694 683 suaque,
708 628 771 686 qao
784 611 939 683 attulisset,
961 612 1025 669 lice·

120 709 160 758 ret
180 700 301 785 efferre:
323 701 418 773 Istud,
433 699 676 776 inquit,foeiam‚·
696 723 783 780 neque
803 704 856 762 tud
866 705 966 778 causei,
976 706 1028 763 sed

119 796 198 854 ned:
221 816 266 869 ue,
279 797 307 854 si
317 796 372 853 tibi
384 797 424 852 sit
428 796 556 870 pecunia
569 797 711 873 adempta,
726 800 831 875 aliquis
845 800 935 873 dieat,
944 800 1027 858 idad

119 910 157 948 are
169 899 294 967 crepam
301 891 474 966 peruenisse,
485 890 562 965 quod
577 890 700 949 mmm
720 895 848 970 occurere
865 897 1022 954 noluissem.
1042 898 1063 955 5

119 986 146 1042 A
172 1004 230 1060 quo
254 1002 341 1060 quum
369 983 527 1059 quesisset,
554 982 610 1060 qud
631 1005 660 1043 se
678 985 780 1045 deduci
802 989 893 1061 vellet,
914 1000 944 1048 et
965 990 1024 1064 ille,

118 1079 257 1152 Athenas,
271 1079 391 1137 dixisset
399 1100 406 1149 ;
428 1077 593 1154 praesidium
606 1080 696 1154 dedit,
711 1093 743 1139 ut
756 1081 792 1139 eb
814 1081 876 1141 tutti
895 1084 1024 1159 perveni·

118 1185 168 1231 ret
208 1173 312 1249 Neque
325 1171 394 1232 verb
408 1174 437 1231 id
451 1171 521 1231 satis
535 1173 645 1247 habuit,
659 1176 710 1233 sed
724 1176 821 1250 etiam,
831 1179 1023 1238 utinviolatus
1128 1223 1132 1231 .

118 1269 147 1327 in
160 1288 264 1327 navem
285 1269 465 1341 ascenderet,
489 1289 539 1345 per
563 1269 721 1328 Chabriam
742 1271 963 1346 Atheniensem,
984 1274 1021 1331 de

117 1382 171 1438 quo
185 1361 272 1439 suprh
286 1363 461 1421 mentionem
472 1354 604 1438 lecimus,
613 1365 719 1424 effecit.
760 1367 955 1427 Abstinentioe
966 1369 1021 1428 erit
1042 1370 1081 1429 10

117 1459 170 1517 hoc
183 1456 253 1517 setis
266 1457 471 1517 testimonium.
512 1459 641 1518 Plurima
653 1461 770 1535 quidem
783 1463 909 1538 proferre
922 1483 1019 1540 posse·

116 1572 195 1624 mus3
226 1553 277 1611 sed
304 1552 406 1613 modus
433 1554 614 1611 adhibendus
639 1566 700 1625 est;
726 1556 861 1629 quoniam
884 1576 942 1615 uno
964 1559 1020 1616 hoc

115 1647 259 1707 volumine
271 1648 361 1706 citam
374 1648 561 1705 excellentium
576 1650 701 1705 virorum
723 1650 897 1707 concludere
913 1651 1020 1709 consti-

115 1741 231 1815 tuimus,
258 1760 378 1817 quorum
404 1742 558 1818 separatim
594 1741 692 1801 multis
725 1742 853 1801 millibus
887 1763 1020 1802 versuum

115 1838 275 1914 complures
288 1836 441 1913 scriptores
455 1849 522 1895 anto
535 1856 588 1896 nos
601 1837 792 1913 explicdrunt
1040 1840 1079 1897 15

153 1933 189 1990 V.
230 1931 300 1990 Fuit
312 1931 400 1990 etiam
426 1932 559 2005 disertus,
582 1943 614 1990 ut
637 1951 722 1991 nemo
744 1931 904 1991 Thebanus
922 1931 949 1990 ei
969 1951 1019 2008 par

115 2038 189 2085 esset
212 2026 394 2101 eloquentia:
415 2046 509 2102 neque
527 2024 624 2084 mimis
645 2027 806 2085 concinnus
827 2027 857 2084 in
880 2027 1019 2087 brevitate

114 2122 314 2197 respondendi,
328 2119 416 2196 quim
430 2121 459 2179 in
480 2121 619 2197 perpetus
642 2121 771 2180 oratioue
792 2133 917 2179 ornatus.
960 2123 1020 2180 Ha-

115 2216 176 2275 buit
188 2217 410 2277 obtrectatorem
424 2214 621 2273 Meneclidam
634 2216 777 2291 quendam
799 2214 927 2272 indidem
941 2216 1019 2273 The-

114 2311 166 2383 bis,
187 2322 217 2369 et
247 2310 441 2368 adversarium
467 2309 498 2367 in
521 2309 748 2369 administranda
769 2310 927 2386 republicis,
949 2310 1019 2370 satis
1037 2314 1077 2371 20

112 2405 300 2464 exercitatum
314 2404 345 2462 in
359 2405 493 2477 dicendo,
508 2417 540 2463 ut
553 2405 728 2463 Thebanum
744 2406 873 2464 scilicet:
894 2426 1018 2482 namque

113 2500 153 2559 illi
165 2500 246 2576 genti
258 2501 323 2576 plus
336 2500 413 2558 inest
425 2500 527 2558 virium
549 2498 635 2575 quim
659 2501 778 2575 ingenii.
819 2500 860 2572 Is,
884 2501 961 2576 quod
985 2502 1016 2559 in

112 2614 143 2653 re
155 2594 273 2653 militari
286 2594 387 2653 florere
401 2594 633 2670 Epaminondam
646 2594 772 2666 videbat,
787 2595 894 2652 hortari
907 2597 1018 2655 solebat

112 2688 279 2756 Thebanos,
293 2698 326 2747 at
333 2708 435 2765 paeon
448 2689 516 2747 bello
530 2687 714 2765 anteferrent,
729 2708 767 2746 ne
781 2688 857 2747 illius
868 2690 1017 2766 imperato-

111 2784 151 2843 ris
162 2803 251 2861 opera
262 2784 482 2843 desideraretur.
523 2783 603 2841 Huic
616 2784 675 2857 ille,
690 2783 795 2856 Follis,
810 2784 912 2859 inquit,
933 2784 1016 2841 uerbo
1034 2785 1075 2843 25

111 2879 184 2937 ciues
207 2875 435 2954 tuosquodtos
456 2878 564 2937 adello
586 2898 710 2943 eomas,-
730 2880 784 2936 otii
811 2880 883 2934 enim
908 2878 1016 2934 nomine

110 2975 272 3033 sereitrttem
290 2974 436 3031 concilias.
476 2974 555 3031 Nom
569 2973 692 3048 paritur
708 2990 771 3046 poe
795 2970 872 3028 belle.
912 2971 1016 3044 Itaque

55 3136 57 3143 ,
111 3069 160 3144 qui
172 3066 207 3129 et
220 3065 336 3127 diutim
351 3062 449 3127 colant
463 3065 545 3143 frui,
567 3065 636 3124 bello
659 3065 807 3122 exercitati
830 3084 887 3121 esse
907 3063 1013 3123 debent.

113 3161 214 3230 Quare
227 3162 410 3239 sipriuci11es
425 3161 549 3219 Grecte
562 3181 619 3219 esse
641 3161 737 3231 uultis,
752 3160 856 3217 cestris
875 3167 916 3217 est
937 3160 1014 3225 uobis

102 3256 320 3331 -uterrdum,non
341 3254 493 3332 palestrd.
534 3255 617 3313 Idem
643 3255 692 3313 ille
719 3253 904 3313 Meneclides
925 3274 1013 3330 quum
1032 3257 1074 3313 3⁰

109 3350 177 3409 huic
190 3350 339 3428 objiceret,
354 3348 433 3426 qudd
451 3349 552 3408 liberos
576 3369 631 3407 aon
652 3349 776 3420 lederet,
800 3369 886 3425 oeque
904 3370 1015 3407 uxorem

109 3444 252 3511 ducissett
279 3442 452 3521 moeimlque
477 3444 666 3516 insolentiam,
688 3441 767 3518 qudd
787 3445 843 3501 sibi
864 3444 1015 3520 Agamem-

108 3540 190 3601 Μὴ
202 3538 269 3599 delli
276 3539 404 3616 glorium
416 3537 560 3601 videretur
572 3545 756 3597 mmeeutur:
776 3546 819 3613 ot,
837 3538 896 3612 ille,
909 3538 1014 3611 desiae,

304 3631 357 3689 6·
423 3642 428 3653 ·
