2392 4132
452 316 678 368 rrrrrcnnrrrs.
1040 310 1080 370 47

108 476 304 540 antedictum
330 492 383 553 est,
395 478 482 554 quim
496 480 590 537 invisa
603 481 640 538 sit
662 479 817 556 singularis
838 479 976 556 potentia,
992 492 1021 539 et

107 577 274 635 miseranda
287 576 355 649 vita,
369 576 419 650 qui
433 596 464 633 se
478 576 578 648 metui,
591 573 678 650 qudm
693 577 783 633 amari
795 578 917 648 malunt,
928 576 1021 635 cuivis

108 673 193 731 facile
208 672 358 730 intellectu
373 671 435 729 suit.
478 670 612 746 Namque
627 671 668 729 illi
684 672 738 746 ipsi
752 673 897 744 custodes,
912 672 937 728 si
958 691 1022 747 pro-

106 767 178 844 pitia
203 767 326 825 luissent
350 767 506 838 voluntate,
534 766 643 824 foribus
670 766 797 825 effractis
819 787 932 824 servare
954 786 1021 823 eum

107 863 278 941 potuissent,
292 860 370 936 qudd
384 862 426 919 illi
435 862 560 918 inermes
571 863 661 920 telum
673 859 741 920 loris
750 862 914 938 flagitantes
926 864 1021 920 vivum
1041 864 1061 920 5

107 960 255 1018 tenebant.
297 957 355 1015 Cui
368 976 457 1032 quum
479 969 662 1016 succurreret
682 977 778 1030 nemo,
801 958 881 1033 Lyco
905 957 1021 1032 quidam

108 1056 310 1130 Syracusanus
323 1073 374 1130 per
388 1054 529 1110 fenestras
542 1053 672 1129 gladium
694 1054 784 1127 dedit,
799 1074 856 1130 quo
879 1054 957 1112 Dion
977 1055 1022 1112 in·

107 1152 246 1208 terfectus
259 1161 311 1208 est.

146 1247 186 1303 X.
229 1246 373 1303 Confectis
396 1246 486 1318 caede,
506 1265 594 1320 quum
616 1246 771 1305 multitudo
793 1246 906 1304 visendi
927 1247 1021 1323 gratia

108 1341 264 1413 introisset,
288 1341 421 1400 nonnulli
446 1343 482 1399 ab
505 1342 605 1400 insciis
626 1362 678 1418 pro
699 1343 794 1401 noxiis
815 1344 1018 1402 conciduntur.
1043 1344 1081 1402 10

107 1437 185 1495 Nam
200 1437 288 1495 celeri
301 1436 416 1495 'fumare
428 1437 526 1509 dilato,
542 1438 631 1496 Dioni
645 1438 703 1495 vim
717 1438 843 1512 allatam,
858 1439 942 1497 multi
953 1459 1021 1496 con·

107 1544 268 1605 currerent,
293 1532 398 1607 quibus
424 1533 482 1590 tale
510 1533 624 1590 facinus
651 1533 831 1609 displicebat.
881 1535 923 1591 Hi
948 1535 1020 1592 falsis

108 1627 272 1703 suspicione
300 1627 390 1700 ducti,
418 1627 604 1685 immerentes
631 1640 663 1685 ut
690 1628 845 1685 sceleratos
871 1629 1019 1687 occidunt.

107 1723 205 1800 Hujus
220 1724 257 1781 de
272 1735 362 1782 morte
376 1734 408 1781 ut
425 1721 522 1801 paldm
544 1725 653 1782 lactum
675 1735 728 1796 est,
750 1723 920 1781 mirabiliter
941 1725 1019 1801 vulgi

106 1830 218 1877 mutata
231 1824 276 1877 est
299 1820 438 1878 voluntas,
481 1819 630 1894 Numqui
655 1819 750 1877 rivum
775 1838 841 1876 eum
866 1829 1021 1896 tyrannum
1042 1822 1080 1879 15

108 1913 278 1986 rocitirant,
293 1914 381 1972 iidem
403 1915 580 1973 liberatorem
593 1918 704 1993 patrie
730 1917 903 1992 tyrannique
927 1918 1021 1994 eapul-

105 2030 194 2068 sorem
205 2011 411 2086 praedicabant.
454 2012 505 2069 Sic
514 2010 610 2070 subito
620 2012 819 2071 misericordia
829 2013 896 2071 odio
907 2033 1021 2070 succes·

106 2118 192 2179 serat,
207 2118 241 2165 ut
253 2126 321 2164 eum
340 2128 392 2167 suo
416 2109 569 2185 sanguine,
594 2109 619 2165 si
643 2121 770 2185 possent,
794 2111 830 2166 ab
853 2111 1020 2169 Acheronte

106 2215 248 2279 cuperent
262 2204 413 2262 redimere.
455 2204 558 2279 Itaque
572 2205 602 2262 in
627 2206 709 2278 urbe,
732 2206 921 2262 celeberrimo
944 2206 1018 2278 loco,

35 2352 38 2369 ,
106 2297 201 2356 elatus
213 2296 343 2374 publice,
358 2300 484 2375 sepulcri
498 2313 687 2360 monumento
701 2283 825 2360 donatus
838 2312 890 2358 est.
932 2300 1019 2358 Diem
1038 2302 1079 2360 20

107 2392 178 2452 obiit
188 2393 305 2452 circiter
314 2414 406 2454 annos
414 2397 624 2474 quinquaginta
634 2397 761 2473 quinque
773 2409 872 2468 natus;
887 2409 1020 2472 quartum

105 2484 171 2565 pdst
184 2508 304 2565 annum,
319 2491 406 2568 quim
420 2512 456 2551 ex
470 2492 670 2570 Peloponneso
685 2494 714 2551 in
740 2494 872 2551 Siciliam
886 2495 1019 2551 redierat.

333 2948 391 3009 XI.
434 2948 800 3008 IPHICRATES.

144 3160 170 3221 I.
211 3161 375 3239 Iphicrates
389 3158 574 3219 Atheniensis
591 3180 649 3219 non
673 3172 733 3220 tam
755 3157 956 3236 magnitudine
978 3178 1021 3217 re-

105 3276 170 3331 rum
183 3269 342 3336 gestarum,
355 3256 442 3333 qudm
464 3257 617 3334 discipline
640 3258 757 3317 militari
778 3256 946 3315 nobilitatus
967 3268 1019 3315 est.

106 3352 176 3415 Fuit
188 3354 270 3415 enim
281 3354 348 3414 talis
361 3355 430 3428 dux,
445 3366 477 3413 ut
491 3374 550 3413 non
565 3353 658 3413 solum
680 3354 772 3412 aetatis
797 3373 856 3412 sum
878 3374 946 3412 cum
964 3356 1020 3431 pri·
1039 3355 1080 3414 25
1097 3344 1101 3349 ⁵

107 3450 162 3510 mis
189 3461 415 3527 compararetur,
440 3452 492 3509 sed
515 3470 552 3508 ne
573 3452 610 3508 de
634 3451 792 3525 majoribus
813 3462 884 3508 natu
903 3451 1020 3525 quidem

106 3546 258 3625 quisquam
286 3556 517 3623 anteponeretur.
569 3545 697 3605 Multum
721 3545 789 3605 rerd
816 3546 847 3605 in
874 3546 950 3606 bello
976 3559 1020 3606 est
