2392 4132
526 300 622 349 DION.
1049 290 1089 346 43

109 459 261 518 Platonem
277 459 403 516 Athenis
419 472 587 531 arcesseret,
602 471 632 516 et
651 459 716 535 ejus
737 458 867 516 consiliis
888 469 1027 530 uteretur,

110 557 169 628 ille,
183 555 233 631 qui
248 554 278 611 in
294 555 391 629 aliqua
404 574 435 612 re
448 554 532 612 vellet
546 567 658 630 patrem
673 554 789 626 imitari,
801 572 911 611 morem
925 553 952 609 ei
967 573 1031 629 ges·

110 651 155 710 sit.
197 650 367 726 Eodemque
378 660 507 724 tempore
521 649 675 708 Philistum
685 648 854 709 historicum
870 650 1031 724 Syracusas

110 745 236 817 reduxit,
261 745 409 802 hominem
434 744 560 801 amicum
588 764 647 803 non
669 745 762 820 magis
782 758 915 820 tyranno,
942 746 1029 819 quam

111 839 268 916 tyrannidi.
311 840 371 896 Sed
385 840 421 896 de
436 840 492 897 hoo
507 839 536 896 in
558 859 593 898 eo
613 859 679 898 meo
697 841 772 898 libro
791 841 875 917 plura
894 853 962 898 sunt
982 842 1070 899 err-5

111 935 215 1010 posita,
232 933 280 1008 qui
302 933 339 990 de
360 933 505 991 historicis
526 934 708 1010 conscriptus
728 946 780 993 est.
830 934 913 993 Plato
933 947 1029 993 autem

112 1027 226 1088 tantlrm
255 1029 331 1104 apud
361 1028 534 1103 Dionysium
563 1029 733 1088 auctoritate
760 1029 863 1104 potuit,
885 1029 1030 1104 valuitque

113 1125 288 1199 eloquentia,
313 1136 345 1182 ut
368 1123 396 1180 ei
423 1123 608 1199 persuaserit,
632 1125 794 1199 tyrannidis
814 1127 911 1184 faeere
931 1127 1029 1198 finem,

113 1219 333 1294 libertatemque
361 1219 482 1276 reddere
511 1220 720 1294 Syracusanis:
756 1239 772 1277 a
799 1222 857 1296 qud
883 1221 1029 1279 voluntate

114 1314 228 1373 Philisti
255 1315 378 1373 consilio
413 1313 577 1387 deterritus,
606 1310 753 1390 aliquantb
788 1316 933 1373 crudelior
965 1334 1030 1373 esse
1052 1316 1089 1372 10

114 1410 210 1485 coepit.

153 1506 208 1563 IV.
248 1505 312 1566 Qui
332 1504 460 1580 quidem,
475 1523 563 1579 quum
585 1524 602 1562 a
622 1505 717 1563 Dione
732 1526 763 1563 se
778 1506 907 1582 superari
921 1505 1032 1564 videret

115 1600 244 1677 ingenio,
267 1599 447 1670 auctoritate,
469 1618 565 1656 amore
585 1601 694 1675 populi,
715 1620 828 1672 verens,
849 1620 897 1672 ne,
919 1600 943 1657 si
964 1618 1031 1656 eum

116 1715 215 1753 secum
224 1695 354 1767 haberet,
365 1694 490 1769 aliquam
496 1694 681 1752 occasionem
693 1695 738 1752 sui
747 1696 829 1753 daret
839 1695 1030 1771 opprimendi,

115 1811 218 1849 navem
239 1790 268 1847 ei
288 1790 434 1848 triremem
456 1789 546 1863 dedit,
560 1789 618 1864 qud
632 1789 806 1848 Corinthum
821 1791 1030 1847 deveheretur:
1054 1791 1091 1847 15

115 1888 282 1958 ostendens,
297 1905 328 1942 se
343 1885 372 1942 id
387 1884 536 1959 utriusque
551 1886 646 1942 facere
662 1885 769 1956 causal3
791 1906 839 1958 ne,
854 1904 942 1961 quum
957 1886 1032 1944 inter

117 2002 147 2039 se
163 1982 310 2053 timerent,
332 1981 468 2038 alteruter
490 1981 612 2039 alterum
626 1993 850 2058 praeoccuparet.
892 1982 928 2038 Id
942 2001 1031 2056 quum

117 2079 225 2136 factum
250 2075 333 2135 multi
358 2075 590 2150 indignarentur,
618 2095 788 2152 magnaque
816 2089 892 2135 esset
917 2077 1032 2133 invidiae

117 2183 248 2248 tyranno,
263 2169 423 2246 Dionysius
443 2170 542 2227 omnia
562 2190 625 2246 quae
646 2171 754 2229 moveri
774 2183 907 2248 poterant
928 2171 1033 2229 Dionis

117 2266 148 2324 in
167 2285 257 2324 naves
278 2265 424 2342 imposuit,
440 2266 476 2321 ad
501 2285 625 2340 eumque
649 2266 736 2324 misit.
780 2266 830 2323 Sic
844 2266 923 2324 enim
936 2267 1033 2324 existi·
1052 2268 1093 2326 20

117 2361 190 2419 mari
210 2361 333 2432 volebat,
352 2360 382 2418 id
404 2381 434 2419 se
456 2380 515 2419 non
535 2362 602 2421 odio
623 2363 759 2436 hominis,
780 2364 831 2420 sed
853 2382 912 2421 suae
933 2363 1034 2422 salutis

118 2457 221 2517 fecisse
236 2457 334 2514 causa.
377 2457 482 2515 Postea
502 2456 569 2515 verb
590 2455 676 2533 quam
699 2459 808 2517 audivit
821 2478 888 2516 eum
904 2460 933 2515 in
952 2459 1035 2517 Pelo-

118 2573 247 2629 ponneso
267 2570 386 2609 manum
407 2573 585 2628 comparare,
606 2553 718 2628 sibique
743 2555 850 2611 bellum
871 2556 967 2612 facere
988 2574 1035 2612 co·

118 2649 201 2717 nari3
236 2649 359 2722 Areten,
380 2647 485 2706 Dionis
506 2667 635 2721 uxorem,
658 2649 706 2705 alii
728 2661 850 2724 nuptum
872 2650 961 2722 dedit,
983 2649 1035 2707 fili·

119 2763 224 2819 umque
238 2743 301 2819 ejus
316 2743 359 2801 sic
372 2743 493 2801 educari
504 2743 600 2820 jussit,
615 2736 652 2802 ut'
662 2744 840 2820 indulgendo
861 2745 1034 2820 turpissimis
1054 2745 1095 2802 25

119 2837 297 2896 imbueretur
308 2837 524 2913 cupiditatibus.
566 2838 596 2895 N
598 2858 644 2895 am
655 2857 755 2914 puero,
766 2839 933 2914 priusquam
944 2840 1036 2914 pubes

119 2945 205 3006 esset,
227 2943 322 2991 scorta
344 2933 582 3002 adducebantur;
604 2933 671 2991 vino
686 2934 834 3008 epulisque
851 2933 1035 3006 obruebatur,

119 3047 213 3105 neque
227 3028 319 3087 ullum
333 3040 447 3105 tempus
461 3027 558 3086 sobrio
571 3027 796 3103 relinquebatur.
838 3025 869 3084 Is
891 3046 980 3101 usque
1001 3029 1037 3085 ed

119 3123 184 3181 vitae
199 3135 306 3182 statum
321 3135 531 3182 commutatum
546 3124 619 3181 ferre
637 3143 695 3181 non
715 3123 818 3200 potuit,
833 3133 984 3198 postquam
1006 3123 1036 3181 in

119 3219 242 3295 patriam
262 3219 349 3277 rediit
368 3231 450 3295 pater
472 3218 612 3296 (namque
634 3218 756 3295 appositi
782 3229 865 3276 erant
892 3220 1037 3293 custodes,
1058 3219 1098 3278 30

120 3314 168 3391 qui
188 3334 256 3373 eum
271 3334 288 3373 a
302 3314 423 3392 pristino
437 3315 516 3372 victu
530 3314 735 3392 deducerent),
750 3325 782 3371 ut
796 3333 826 3371 se
841 3315 877 3372 de
892 3314 1038 3390 superiore

120 3422 200 3485 parte
221 3410 328 3469 edium
349 3410 499 3488 dejecerit,
521 3421 606 3486 atque
628 3409 668 3468 ita
688 3409 838 3468 interierit.
889 3411 947 3468 Sed
969 3410 1039 3467 illue

121 3517 253 3565 revertor.
