2392 4132
465 281 692 331 ALCIBIADES.

120 450 257 516 caeperat,
272 459 367 514 neque
381 441 457 497 terra
471 460 565 516 neque
580 441 652 498 mari
664 442 760 498 hostes
769 459 853 516 pares
861 459 925 496 esse
935 451 1035 515 potue·

120 546 192 593 rant.
236 535 296 592 Hic
310 547 342 593 ut
355 535 423 592 navi
437 555 570 610 egressus
584 548 637 608 est,
653 554 817 610 quanquam
832 535 1035 592 Theramenes

119 642 148 689 et
162 630 366 705 Thrasybulus
380 631 490 688 eisdem
501 632 587 688 rebus
598 632 783 706 praefuerant,
796 630 938 704 simulque
950 649 1035 687 vene·

119 737 185 784 rant
206 726 237 782 in
255 725 397 796 Piraeum;
419 737 517 783 tamen
540 726 622 782 illum
644 744 734 782 unum
759 743 861 783 omnes
881 744 1035 801 proseque-

119 820 235 893 bantur,
255 832 295 892 et,
313 819 342 877 id
364 819 441 895 quod
463 840 612 895 nunquam
636 832 722 878 antea
745 839 799 877 usu
826 832 954 893 venerat,
977 820 1075 878 nisib

118 914 262 990 Olympiae
276 914 443 987 victoribus,
458 916 573 973 coronis
591 915 685 971 aureis
707 914 851 989 aeneisque
875 916 962 991 vulgo
985 915 1034 973 do·

118 1010 249 1068 nabatur.
292 1008 346 1067 Ille
373 1009 530 1067 lacrimans
557 1011 644 1068 talem
672 1010 902 1068 benevolentiam
926 1011 1032 1068 civium

118 1125 236 1163 suorum
250 1105 423 1181 accipiebat,
437 1105 629 1163 reminiscens
642 1105 756 1181 pristini
771 1106 907 1181 temporis
924 1105 1034 1164 acerbi·

117 1211 216 1259 tatem.
258 1201 414 1276 Postquam
443 1212 506 1258 astu
533 1201 622 1273 venit,
642 1201 793 1272 ‚concione
822 1202 961 1260 advocata
989 1201 1033 1260 sic

120 1296 301 1368 tremefecit,
317 1307 350 1354 ut
363 1315 449 1353 nemo
464 1307 523 1354 tam
538 1297 616 1354 ferus
632 1296 728 1369 luerit,
752 1296 822 1371 quin
846 1297 909 1373 ejus
931 1316 1032 1355 casum
1054 1298 1092 1358 lo

118 1391 286 1464 lacrimarit,
301 1390 510 1466 inimicumque
524 1391 570 1449 his
583 1410 615 1449 se
628 1392 797 1464 ostenderit,
809 1412 930 1468 quorum
944 1393 1032 1468 opert

117 1487 209 1562 patria
234 1488 335 1563 pulsus
358 1487 461 1560 luerat,
485 1487 607 1562 proinde
633 1506 667 1544 ac
691 1487 717 1544 si
739 1487 812 1544 alius
833 1490 956 1564 populus
973 1507 1032 1546 non

119 1583 165 1640 ille
193 1583 266 1658 ipse,
293 1582 343 1658 qui
367 1594 429 1640 tum
457 1581 554 1654 flebat,
582 1601 650 1638 eum
677 1583 823 1658 sacrilegii
854 1585 1030 1640 damnasset.

119 1676 268 1736 Restituta
294 1697 363 1754 ergo
390 1677 460 1735 huic
494 1689 563 1734 sunt
597 1674 714 1752 publice
750 1678 852 1746 bona;
888 1678 1032 1752 iidemque

118 1771 159 1830 illi
173 1772 354 1849 Eumolpidae
369 1773 534 1830 sacerdotes
548 1791 647 1829 rursus
665 1791 813 1828 resacrare
835 1785 903 1830 sunt
927 1773 1030 1845 coacti,
1054 1775 1092 1832 15

118 1867 167 1943 qui
193 1887 261 1926 eum
288 1869 480 1936 devoverant3
502 1867 624 1943 pilaeque
647 1867 713 1938 illae,
736 1866 766 1923 in
790 1867 894 1942 quibus
919 1869 1032 1926 devotio

120 1964 211 2022 luerat
225 1963 342 2039 scripta,
358 1963 387 2020 in
399 1982 478 2020 mare
491 1963 686 2038 praecipitatae.

156 2058 227 2116 VII.
269 2058 344 2115 Haec
358 2057 507 2115 Alcibiadi
525 2058 625 2115 laetitia
644 2078 702 2115 non
717 2058 804 2115 nimis
819 2059 873 2117 luit
886 2059 1030 2119 diuturna.

119 2149 196 2209 Nam
212 2172 302 2228 quum
327 2152 355 2209 ei
376 2171 478 2210 omnes
500 2164 599 2209 essent
624 2154 747 2210 honores
772 2153 892 2224 decreti,
915 2165 1031 2228 totaque

119 2248 283 2323 respublica
296 2246 375 2305 domi
386 2247 511 2321 bellique
526 2247 641 2319 tradita,
657 2258 689 2304 ut
702 2247 789 2304 unius
812 2247 930 2305 arbitrio
951 2267 1032 2323 gere·
1050 2249 1091 2306 20

118 2353 196 2399 retur
208 2361 215 2412 ;
237 2354 266 2400 et
281 2341 341 2418 ipse
355 2342 539 2418 postulasset,
554 2353 586 2400 ut
600 2343 658 2400 duo
672 2341 727 2399 sibi
749 2343 868 2418 collegae
882 2345 1030 2416 darentur,

75 2428 77 2434 ’
118 2436 319 2512 Thrasybulus
340 2447 370 2495 et
397 2436 584 2509 Adimantus,
607 2456 700 2512 neque
729 2437 758 2493 id
780 2450 918 2512 negatum
936 2451 1029 2497 esset:

118 2531 210 2590 classe
222 2533 282 2608 jam
297 2531 327 2589 in
339 2531 443 2589 Asiam
456 2533 613 2608 profectus,
627 2530 705 2607 qudd
721 2533 796 2607 apud
809 2532 920 2607 Cymen
933 2532 1031 2591 minias

18 2668 45 2693 .,
118 2646 155 2685 ex
167 2627 313 2686 sententia
336 2646 398 2684 rem
417 2639 556 2702 gesserat,
579 2627 609 2684 in
629 2626 768 2683 invidiam
793 2627 904 2685 recidit.
947 2628 1030 2686 Nihil
1120 2621 1133 2629 “

49 2700 69 2725 ⁶
118 2721 277 2779 enimcum
291 2741 349 2780 non
364 2722 479 2779 efficere
493 2741 577 2798 posse
592 2722 747 2780 ducebant.
790 2722 835 2779 Ex
855 2742 921 2797 quov
933 2724 1029 2796 fiebat,
1049 2725 1091 2781 25

20 2877 24 2882 ,
118 2827 150 2875 ut
161 2806 261 2875 omnia
274 2816 371 2875 minirs
391 2816 527 2893 prospere
551 2831 634 2894 gesta
657 2818 720 2893 ejus
743 2819 836 2893 culpae
860 2819 1030 2891 tribuerent,

118 2930 284 2987 quameum
299 2924 349 2971 aut
369 2913 551 2989 negligenter
574 2923 623 2969 aut
644 2911 786 2969 malitiose
812 2913 915 2969 fecisse
935 2914 1031 2986 loque-

118 3018 234 3066 rentur:
263 3007 340 3066 sicut
365 3019 427 3066 tum
455 3006 571 3064 accidit.
613 3005 690 3062 Nam
715 3016 880 3080 corruptum
906 3025 923 3062 a
945 3006 1030 3083 Rege

120 3119 222 3177 capere
237 3101 351 3177 Cymen
365 3102 504 3173 noluisse,
525 3101 694 3177 arguebant.
736 3100 839 3175 Itaque
862 3101 930 3158 huic
952 3122 1031 3160 max-

120 3194 176 3252 ime
203 3208 339 3256 ‘utamus
366 3198 443 3255 malo
470 3197 559 3255 fuisse
586 3197 706 3254 nimiam
730 3197 896 3272 opinionem
919 3197 1030 3274 ingenii
1050 3200 1090 3258 3⁰

34 3306 38 3311 ’
120 3306 202 3367 atque
216 3292 340 3350 virtutis.
382 3291 556 3349 Timebatur
569 3292 648 3349 enim
663 3312 722 3350 non
744 3290 851 3364 minias,
866 3289 952 3367 quam
967 3294 1031 3352 dili·

119 3387 238 3460 gebatur
251 3406 258 3458 ;
280 3405 329 3460 ne,
343 3386 474 3445 secunda
488 3387 603 3445 sortund
617 3387 787 3462 magnisque
801 3387 904 3463 opibus
926 3389 1028 3462 elatus,

119 3481 301 3557 tyrannidem
323 3481 552 3556 concupisceret.
592 3481 711 3544 Quibus
735 3482 823 3541 rebus
844 3481 953 3540 lactum
975 3494 1030 3555 est,
