2392 4132
491 307 686 358 TIMOLEON.

382 654 453 712 XX.
494 653 807 712 TIMOLEON.

177 828 202 886 Ι.
248 827 403 900 Timoleon,
418 826 594 884 Corinthius.
637 826 708 883 Sine
729 827 818 885 dubio
841 845 963 902 magnus
985 845 1044 885 om·

138 922 220 981 nium
230 921 342 998 judicio
355 921 403 979 hic
416 921 458 978 vir
471 920 574 979 extitit.
614 920 748 996 Namque
762 921 831 979 huic
846 920 898 978 uni
912 921 1043 997 contigit,

137 1019 214 1093 quod
228 1017 328 1075 nescio
341 1034 378 1073 an
392 1017 454 1090 ulli,
468 1027 501 1074 ut
522 1027 552 1074 et
574 1016 706 1092 patriam,
731 1017 761 1074 in
785 1017 843 1092 quit
863 1028 925 1076 erat
948 1028 1043 1090 uatus,

136 1129 302 1187 oppressam
323 1130 341 1168 a
360 1106 482 1186 tyranno
505 1109 649 1183 liberaret,
672 1122 737 1169 eta
759 1111 920 1187 Syracusis,
941 1112 1044 1187 quibus

138 1205 245 1265 auxilio
258 1217 320 1265 erat
343 1206 457 1278 missus,
482 1205 670 1263 inveteratam
691 1205 856 1264 servitutem
877 1207 1043 1282 depelleret,
1063 1206 1083 1263 5

137 1313 286 1376 totamque
301 1299 442 1372 Siciliam,
456 1300 560 1358 multos
575 1306 666 1359 annos
679 1300 755 1358 bello
769 1313 900 1358 vexatam
915 1320 932 1358 a
945 1302 1045 1359 barba-

137 1395 234 1470 risque
247 1413 424 1474 oppressam,
438 1413 490 1452 suo
502 1395 626 1453 adventu
648 1395 678 1453 iu
698 1396 850 1472 pristinum
872 1396 1043 1455 restitueret.

137 1492 198 1548 Sed
212 1489 243 1547 in
257 1489 301 1546 his
315 1490 401 1546 rebus
424 1508 483 1546 non
502 1489 626 1564 simplici
650 1489 765 1548 fortuna
789 1490 972 1548 conflictatus
989 1500 1043 1563 est,

136 1596 176 1657 et,
205 1583 235 1641 id
258 1583 333 1658 quod
360 1583 505 1641 difficilius
531 1570 657 1658 putatur,
679 1582 769 1641 multo
794 1582 953 1660 sapientiis
980 1583 1046 1651 tulit

136 1680 306 1751 secundam,
334 1676 420 1754 qndm
455 1680 603 1736 adversam
641 1680 793 1737 fortunam,
843 1678 922 1735 Nam
956 1697 1044 1753 quum
1066 1680 1104 1746 lo

137 1775 224 1833 stater
250 1773 313 1848 ejus
340 1773 549 1849 Timophanes,
585 1774 645 1831 dux
672 1792 689 1830 a
712 1773 871 1832 Corinthiis
905 1774 1044 1848 delectus,

136 1867 320 1943 tyrannidem
342 1887 393 1943 per
416 1867 522 1926 milites
545 1868 739 1927 mercenarios
756 1869 937 1945 occupdsset,
960 1869 1046 1945 parti·

136 1974 266 2039 cepsquev
287 1961 371 2039 regni
397 1973 493 2038 posset
518 1982 604 2034 esso;
625 1961 737 2022 tantirm
752 1963 843 2022 abfuit
867 1983 885 2021 a
908 1965 1045 2022 societate

136 2056 265 2131 sceleris,
279 2068 311 2115 ut
325 2057 490 2116 antetulerit
503 2064 619 2116 suorum
633 2057 740 2115 civium
762 2058 924 2116 libertatem
949 2059 1044 2116 fratris
1165 2132 1168 2137 .

137 2153 233 2227 saluti,
247 2163 277 2211 et
296 2152 396 2229 patriar
416 2171 518 2229 parere
536 2152 649 2228 legibus
672 2150 758 2227 quim
779 2153 929 2228 imperare,
954 2153 1044 2211 satius
1066 2156 1103 2212 15

137 2247 261 2306 duxerit.
306 2247 374 2305 Hic
397 2258 504 2320 mente,
531 2266 581 2323 per
602 2249 783 2324 haruspicem
805 2268 1044 2324 communemque

138 2344 264 2415 affinem
278 2342 326 2400 cui
335 2397 340 2413 t,
350 2361 439 2415 soror,
461 2361 498 2400 ex
524 2341 634 2400 eisdem
657 2343 826 2419 parentibus
851 2354 929 2416 nata,
954 2355 1045 2420 nuptu

138 2449 210 2502 erat.
221 2438 337 2496 fratrem
346 2447 500 2512 tyrannum
509 2436 741 2495 interficiendum
750 2438 868 2496 curavit.
909 2438 1044 2514 Ipseuon

137 2531 224 2592 modd
238 2551 342 2591 manus
359 2551 419 2591 non
440 2532 545 2603 attulit,
567 2533 617 2590 sed
641 2552 679 2590 ne
701 2534 829 2609 aspicere
850 2534 966 2609 quidem
989 2535 1045 2593 fra·

31 2657 37 2664 ·
138 2640 252 2687 ternum
271 2627 444 2704 sauguinem
458 2627 556 2687 voluit
597 2627 685 2702 Nam,
700 2630 769 2686 dum
783 2649 828 2687 res
842 2629 1043 2703 conficeretur,
1062 2630 1103 2688 20

138 2723 238 2799 procul
252 2723 283 2781 in
296 2722 431 2800 prasidio
445 2723 508 2797 luit,
526 2741 564 2781 nc
588 2723 652 2799 quis
675 2724 789 2782 satelles
811 2735 908 2801 posset
928 2744 1045 2782 succur-

139 2837 210 2877 rere.
251 2818 319 2877 Hoc
330 2819 581 2896 preclarissimum
594 2819 658 2896 ejus
671 2821 784 2879 facinus
797 2840 855 2878 non
877 2820 938 2896 pari
959 2820 1045 2879 ruodo

138 2913 288 2990 probatum
302 2925 346 2973 est
360 2915 397 2972 ab
410 2914 553 2972 omnibus
594 2913 736 2972 Nonnulli
749 2914 828 2971 enim
841 2915 939 2971 laesam
958 2914 995 2970 ab
1008 2933 1044 2972 co

138 3008 275 3085 pietatem
287 3010 437 3086 putabant,
446 3008 593 3068 etinvidiis
603 3009 719 3067 laudem
737 3009 849 3067 virtutis
864 3009 1042 3067 obterebant.

139 3102 235 3163 Mater
246 3103 313 3163 vero
327 3116 391 3181 post
405 3106 434 3163 id
457 3106 566 3164 factum
590 3124 684 3181 neque
707 3105 824 3162 domum
846 3104 882 3162 ad
900 3123 931 3162 se
952 3103 1044 3163 filium
1061 3106 1103 3164 25

139 3200 264 3273 admisit,
280 3219 374 3276 neque
394 3200 513 3276 aspexit,
534 3200 604 3275 quin
625 3221 692 3259 eum
716 3201 892 3260 fratricidam
913 3200 1044 3277 impium·

139 3313 194 3370 que
208 3296 354 3354 detestans
368 3297 561 3372 compellaret.
601 3296 719 3358 Quibus
732 3298 818 3354 rebus
837 3297 885 3354 ille
907 3296 979 3354 adad
1001 3309 1045 3357 est

140 3401 308 3462 commotus,
323 3403 355 3450 ut
368 3409 575 3466 nonnunquam
596 3391 661 3450 ritu
681 3392 771 3449 finem
795 3392 890 3450 lacere
914 3391 1043 3466 volucrit,

140 3497 224 3561 atque
232 3505 269 3544 ex
280 3486 457 3563 ingratorum
467 3486 617 3546 hominum
627 3496 786 3562 conspectu
794 3497 885 3546 morte
893 3487 1043 3546 decedere.
