2392 4132
418 325 686 379 EPAMINONDAS.
1026 323 1067 385 63

95 482 234 541 memoria
254 494 355 553 erunt3
375 482 520 559 postremd
541 484 577 541 de
598 484 685 542 rebus
699 484 798 560 gestis,
812 503 876 559 que
891 505 909 542 a
921 486 1008 562 pluri·

94 579 147 637 mis
161 578 291 636 omnium
306 591 520 654 anteponuntur
533 580 694 638 virtutibus.

131 672 174 730 ΙΙ.
216 673 313 731 Natus
326 673 413 748 igitur
427 686 518 749 patre,
532 694 589 749 quo
603 675 738 746 diximus,
754 675 875 732 honesto
888 693 1006 750 genere,

94 786 201 843 pauper
212 767 274 842 jam
289 786 305 824 a
318 767 475 842 majoribus
493 769 611 826 relictus
623 789 630 838 ;
652 769 782 826 eruditus
796 780 893 826 autem
907 769 960 841 sic,
975 781 1007 828 ut

59 888 71 904 2
94 881 178 920 nemo
193 861 355 919 Thebanus
368 862 469 937 magis.
512 861 590 920 Nam
603 874 633 921 et
646 863 831 934 citharizare,
845 875 875 921 et
889 876 1007 923 cantare
1026 866 1047 923 5

95 957 129 1013 ad
149 957 324 1014 chordarum
344 975 447 1014 sonum
468 957 570 1014 doctus
598 969 642 1015 est
663 977 680 1015 a
700 958 851 1033 Dionysio,
872 959 921 1033 qui
949 979 1007 1018 non

95 1050 205 1109 minore
217 1051 271 1109 fuit
280 1051 312 1107 in
325 1051 445 1109 musicis
455 1051 557 1126 gloria,
569 1049 656 1127 quam
667 1053 783 1110 Damon
795 1065 844 1111 aut
854 1053 1006 1129 Lamprus,

95 1166 214 1222 quorum
226 1147 395 1223 pervulgata
406 1158 473 1204 sunt
484 1147 619 1205 nomina:
641 1160 759 1206 cantare
770 1149 849 1206 tibiis
860 1149 896 1206 ab
907 1149 1006 1228 Olym·

95 1243 221 1317 piodoro,
238 1242 342 1299 saltare
357 1261 375 1299 a
388 1241 584 1317 Calliphrone.
626 1244 667 1301 At
680 1244 867 1320 philosophie
881 1264 1007 1320 praecep·

36 1408 38 1418 Ι
95 1349 184 1395 torem
205 1336 307 1397 habuit
326 1336 425 1410 Lysim
446 1336 650 1412 Tarentinum,
672 1338 894 1415 Pythagoreum.
947 1340 1004 1399 Cui
1028 1341 1065 1401 lu

94 1432 210 1506 quidem
225 1431 267 1488 sic
282 1431 336 1489 fuit
350 1431 475 1503 deditus,
487 1443 520 1490 ut
533 1433 702 1491 adolescens
713 1434 823 1492 tristem
835 1447 864 1492 et
875 1454 1005 1493 severum

95 1547 195 1585 senem
209 1528 344 1585 omnibus
358 1528 515 1602 equalibus
529 1528 589 1585 suis
609 1528 640 1585 in
661 1529 854 1587 familiaritate
876 1542 1007 1605 antepos-

95 1614 184 1692 uerit,
218 1642 312 1696 neque
332 1620 412 1698 pride
433 1643 499 1680 eum
521 1642 538 1680 a
559 1642 589 1679 se
610 1622 761 1694 dimiserit,
781 1621 868 1696 quarn
889 1623 919 1679 in
940 1625 1007 1680 doc·

95 1718 177 1776 trinis
192 1716 273 1776 tantd
289 1718 477 1776 antecesserit
490 1717 715 1794 condiscipulos,
730 1729 762 1775 ut
776 1716 862 1775 facile
883 1717 1006 1794 intelligi

94 1825 199 1888 posset,
213 1813 276 1889 pari
290 1814 375 1871 modo
389 1827 590 1889 superaturum
603 1832 703 1872 omnes
717 1813 872 1871 incaeteris
888 1814 1004 1872 artibus.
1027 1816 1065 1872 15

97 1909 193 1982 Atque
214 1909 278 1965 haec
299 1909 333 1964 ad
362 1920 490 1966 nostram
510 1908 751 1966 consuetudinem
779 1920 846 1966 sunt
871 1908 955 1981 levia,
977 1919 1006 1966 et

95 2002 191 2079 potiris
212 2004 445 2074 contemnenda,
468 2016 497 2062 at
517 2003 547 2059 in
561 2004 676 2061 Graecid
696 2002 795 2079 utique
809 2005 876 2061 olim
891 2023 1004 2080 magna

95 2098 171 2156 laudi
193 2110 285 2158 erant.
325 2099 481 2174 Postquam
494 2100 625 2175 ephebus
642 2100 735 2157 sactus
749 2110 803 2171 est,
817 2112 847 2157 et
866 2100 1004 2176 palaestrae

95 2195 161 2252 dare
172 2213 290 2270 operam
301 2193 405 2270 coepit;
422 2213 481 2252 non
492 2206 551 2252 tam
562 2193 755 2270 magnitudini
766 2194 869 2251 virium
881 2193 1005 2267 servivit,

95 2287 178 2364 qudm
190 2289 344 2347 velocitati.
386 2289 471 2347 Illam
485 2289 564 2347 enim
578 2291 614 2346 ad
632 2290 804 2348 athletarum
819 2309 913 2362 usum,
929 2290 1004 2349 hanc
1024 2291 1064 2351 20

96 2386 130 2443 ad
144 2384 213 2443 belli
232 2384 417 2443 existimabat
436 2385 590 2444 utilitatem
609 2385 762 2461 pertinere.
804 2386 906 2460 Itaque
926 2405 1006 2444 exer·

95 2482 212 2540 sebatur
232 2479 389 2556 plurimrlm
403 2481 557 2554 currendo,
571 2493 602 2539 et
621 2481 759 2539 luctando
772 2482 808 2539 ad
825 2502 891 2539 enm
906 2482 1004 2553 finem,

95 2577 186 2650 quoad
213 2588 295 2635 stans
321 2576 475 2653 complecti
502 2588 608 2653 posset,
629 2588 714 2652 atque
741 2577 926 2635 contendere.
968 2577 1004 2635 In

96 2672 180 2729 armis
193 2671 348 2748 plurimum
362 2672 451 2730 studii
464 2673 662 2731 consumebat.

131 2767 191 2825 ΙΙΙ.
222 2767 270 2824 Ad
282 2767 359 2824 banc
370 2768 498 2842 corporis
508 2768 672 2826 firmitatem
682 2767 806 2843 plurima
817 2767 905 2824 etiam
915 2765 1004 2823 animi
1023 2767 1063 2825 25

96 2861 169 2920 bona
188 2874 381 2922 accesserant.
423 2863 496 2922 Erat
514 2864 593 2921 enim
612 2864 769 2935 modestus,
784 2863 921 2937 prudens,
940 2879 1004 2934 gra·

95 2957 144 3032 ris,
154 2959 333 3034 temporibus
343 2959 488 3034 sapienter
499 2969 594 3031 utens,
605 2958 715 3034 peritus
723 2957 801 3028 belli,
814 2956 893 3014 sortis
904 2974 1002 3028 manu,

95 3055 188 3112 animo
204 3053 350 3124 maximo;
372 3051 445 3111 aded
460 3053 588 3112 veritatis
607 3051 742 3127 diligens,
757 3061 789 3107 ut
808 3069 845 3106 ne
864 3049 931 3124 joco
944 3049 1005 3124 qui·

94 3148 157 3206 dem
178 3149 357 3207 mentiretur.
399 3149 482 3206 Idem
502 3149 666 3221 continens,
681 3147 819 3218 clemens,
834 3145 1003 3221 patiensque

49 3246 78 3311 ·!
95 3245 294 3303 admirandum
314 3244 344 3300 in
364 3245 492 3317 modurn,
513 3264 571 3301 non
599 3241 691 3302 solum
714 3241 822 3318 populi,
844 3241 1002 3299 sedetiam
1023 3243 1062 3300 30

31 3340 34 3345 ·
63 3316 67 3365 l

70 3384 73 3389 .
95 3339 250 3398 amicornm
260 3339 356 3396 ferens
364 3339 501 3415 injurias3
516 3338 712 3414 imprimisque
724 3337 877 3395 commissa
886 3338 1001 3394 celans:

94 3436 166 3509 quod
180 3435 327 3492 interdum
340 3453 399 3491 non
413 3432 510 3492 minus
523 3434 648 3510 prodest,
663 3431 750 3508 quam
764 3431 870 3490 diserte
885 3433 982 3489 dicere
994 3452 1001 3500 ;

95 3531 237 3591 studiosus
251 3529 389 3589 audiendi
401 3550 408 3600 ς
432 3548 470 3589 ex
483 3531 539 3588 hoc
553 3528 631 3588 enim
645 3527 783 3590 facillime
797 3527 870 3588 disci
886 3528 1003 3585 arbitra·
