2392 4132
468 363 665 415 [canamus.
1040 355 1081 413 4⁹

112 520 239 596 quisset,
253 541 313 580 non
327 521 407 598 priris
420 521 557 581 Thebani
583 522 686 598 Spartb
704 523 920 596 abscessissent,
934 522 1021 599 qndm

113 628 228 691 captam
242 616 380 676 incendio
393 616 548 676 delbssent.

151 710 211 768 III.
252 711 322 769 Fuit
335 723 431 769 autem
445 722 475 769 et
489 713 586 770 animo
599 730 706 788 magno
719 723 749 770 et
759 732 888 788 corpore,
901 713 1022 790 impera·

113 807 242 881 toridque
264 806 364 878 sormi,
379 817 411 864 ut
424 806 487 881 ipso
502 819 621 881 aspectu
638 807 730 864 cuivis
748 808 881 883 injiceret
900 809 1021 866 admira-

112 901 221 958 tionem
239 901 293 958 sui.
335 901 394 957 Sed
414 900 444 957 in
468 901 566 958 labore
587 901 724 959 remissus
746 901 843 975 nimis,
864 905 1062 979 parumqueb
1096 898 1099 904 ’

112 996 236 1071 patiens,
250 1007 282 1053 ut
301 996 495 1072 Theopompus
509 995 654 1053 memorie
677 996 819 1071 prodidit3
841 997 934 1055 bonus
952 997 1021 1055 verb

112 1090 194 1163 civis,
208 1091 321 1165 fideque
335 1091 451 1165 magni.
491 1090 582 1151 Quod
592 1110 680 1165 quum
692 1090 722 1147 in
738 1091 801 1148 aliis
821 1093 907 1150 rebus
926 1094 1021 1151 decla-

112 1186 193 1256 ravit,
208 1197 269 1245 tum
283 1184 408 1243 maximo
418 1185 448 1242 in
457 1184 592 1260 Amyntae
602 1170 776 1243 Macedoiris
786 1185 883 1244 liberis
895 1187 1019 1244 tuendis.

113 1280 247 1355 Namque
271 1279 428 1354 Eurydice,
451 1291 543 1337 mater
570 1278 718 1336 Perdicce
745 1292 775 1339 et
800 1280 937 1357 Philippi,
951 1300 1019 1338 cum

113 1374 156 1431 his
170 1362 284 1432 duobus
296 1373 404 1449 pneris,
420 1373 548 1448 Amyntd
572 1385 693 1445 mortuo,
710 1375 746 1431 ad
761 1373 938 1449 Iphicratem
952 1395 1020 1434 con·
1042 1376 1079 1433 10

112 1468 195 1544 fugit,
209 1469 330 1544 ejusque
343 1468 447 1544 opibus
460 1468 580 1525 defensa
593 1480 645 1525 est.
687 1469 769 1527 Vixit
784 1471 819 1526 ad
829 1483 1019 1543 senectutem,

112 1562 233 1638 placatis
246 1563 277 1619 in
291 1581 322 1620 se
344 1581 461 1619 suorum
480 1561 587 1619 civium
610 1562 722 1619 animis.
764 1563 892 1620 Causam
916 1565 1020 1640 capitis

112 1659 201 1715 semel
211 1657 294 1729 dixit,
309 1657 384 1715 bello
398 1656 508 1729 sociali,
533 1656 618 1714 simul
646 1675 713 1713 cum
740 1656 906 1730 Timotheo,
928 1677 1019 1733 eoque

109 1751 220 1826 judicio
243 1762 288 1809 est
314 1751 492 1810 absolutus,
519 1750 692 1808 Menesthea
718 1751 809 1807 filium
837 1751 961 1826 reliquit,
984 1773 1020 1810 ex

111 1846 241 1904 Thressd
264 1857 375 1918 natum,
398 1845 465 1903 Coti
488 1846 565 1922 regis
592 1845 660 1902 filia.
701 1845 731 1903 Is
755 1865 843 1920 quum
863 1845 1020 1924 interroga·
1042 1850 1079 1906 15

110 1952 198 2013 retur,
211 1938 310 1998 atrdm
325 1941 422 2016 pluris
435 1950 550 2016 patrem
570 1949 720 1999 matremne
736 1939 872 2017 saeeret5
892 1951 1019 2016 matrem,

111 2034 210 2110 inquit.
253 2034 288 2092 ld
315 2054 404 2111 quum
429 2035 564 2093 omnibus
591 2036 695 2094 mirum
719 2036 882 2095 videretur:
904 2046 945 2110 ot,
961 2039 1018 2110 ille,

110 2128 344 2204 meritd,'inquit,
357 2128 454 2205 focio.
495 2130 574 2187 Nom
582 2139 679 2207 poter,
694 2127 830 2206 quondum
850 2133 882 2188 in
903 2152 931 2190 se
940 2131 1019 2208 fuit,

116 2224 256 2283 struem
265 2243 306 2282 me
320 2225 440 2298 creavit,
454 2233 555 2283 contro
568 2245 603 2283 eo
615 2234 706 2284 meter
719 2225 927 2284 Atheniensem.

354 2605 428 2663 XII.
470 2605 773 2665 CHABRIAS.

47 2823 50 2827 -
148 2786 173 2844 Ι.
217 2785 372 2861 Chabrias,
395 2788 588 2847 Atheniensis.
631 2789 691 2847 Hic
715 2809 827 2864 quoque
844 2790 875 2847 in
899 2789 1018 2848 summis
1037 2789 1079 2847 2⁰

109 2882 225 2941 habitus
250 2894 296 2942 est
320 2884 455 2957 ducibus,
482 2903 584 2958 resque
611 2884 716 2941 multas
749 2885 887 2941 memorii
914 2885 1018 2958 dignas

109 2977 207 3053 gessia
248 2979 309 3036 Sed
335 2997 372 3036 ex
399 2979 444 3037 his
470 2979 567 3037 elucet
592 2976 718 3036 maxime
740 2978 888 3035 inventum
910 2978 973 3053 ejus
986 2978 1017 3036 in

109 3072 219 3149 prelio,
240 3073 317 3149 quod
339 3073 415 3149 apud
439 3073 560 3131 Thebas
583 3073 662 3146 fecit,
680 3092 769 3149 quum
789 3072 908 3130 Boeotiis
927 3074 1019 3132 subsi-

109 3167 158 3227 dio
182 3169 319 3226 venisset.
361 3167 496 3244 Namque
520 3169 551 3227 in
578 3189 613 3228 eo
637 3169 757 3227 victorii
779 3170 886 3227 fidente
906 3190 1019 3230 summo

108 3263 184 3321 duce
198 3263 349 3340 Agesilao,
365 3264 470 3340 fugatis
482 3265 543 3340 jam
562 3266 599 3322 ab
620 3285 655 3323 eo
676 3265 863 3324 conductitiis
884 3267 1017 3339 catervis,
1036 3269 1078 3326 25

108 3357 249 3434 reliquam
262 3359 438 3436 phalangem
451 3360 516 3418 loco
530 3361 620 3418 vetuit
634 3362 748 3433 cedere,
763 3361 926 3437 obnixoque
940 3383 1018 3439 genu

108 3466 201 3528 scuto,
215 3454 345 3531 projecta
361 3452 444 3534 [que]
460 3455 554 3527 hasti,
577 3455 715 3531 impetum
734 3455 868 3533 excipere
893 3458 1018 3516 hostium

108 3548 217 3611 docuit.
258 3549 295 3609 Id
318 3568 424 3609 novum
449 3549 607 3627 Agesilaus
629 3562 782 3625 contuens,
803 3552 938 3629 progredi
959 3572 1017 3611 non

305 3644 327 3702 5
