2392 4132
112 347 169 403 116
403 352 435 403 Τ.
451 351 654 405 POMPONIUS
671 350 833 402 amous

168 513 263 571 facere
276 530 328 589 par
349 523 435 584 esset,
460 511 636 583 intuebatur,
660 508 747 584 quarn
768 509 838 584 qnid
862 508 911 567 alii
933 509 1084 570 laudaturi

169 607 269 665 forent.

207 702 245 757 X.
287 700 435 758 Conversa
448 698 543 758 subito
559 700 673 758 fortuna
685 711 737 756 est.
779 698 819 757 Ut
832 698 980 757 Antonius
993 701 1085 760 rediit

168 796 197 852 in
213 795 336 868 Italiam,
364 814 450 852 nemo
476 814 535 852 non
572 812 679 869 magno
708 791 765 872 [in]
794 793 923 869 periculo
945 794 1082 853 Atticum

127 892 295 950 &flaturum
316 891 440 967 putarat,
455 901 569 966 propter
592 889 724 946 intimam
748 889 972 947 familiaritatem
993 890 1082 948 Cice·

167 986 245 1044 ronis
258 997 288 1043 et
311 985 402 1043 Bruti.
445 985 546 1059 Itaque
574 985 611 1041 ad
637 985 792 1041 adventum
816 982 1020 1058 imperatorum
1042 985 1081 1042 de

168 1082 228 1138 foro
242 1081 415 1152 decesserat,
429 1080 534 1137 timens
547 1078 795 1155 proscriptionem,
816 1077 979 1152 latebatque
1002 1080 1080 1155 apud

168 1176 200 1232 P.
222 1175 420 1246 Volumnium,
445 1175 503 1247 cui,
527 1185 559 1231 ut
579 1173 768 1245 ostendimus,
790 1171 877 1248 paulb
902 1170 970 1231 ante
993 1192 1080 1250 opem

167 1270 288 1326 tulerat:
313 1269 409 1344 (tanta
423 1269 547 1325 varietas
562 1268 598 1324 iis
612 1268 789 1343 temporibus
813 1267 867 1325 fuit
891 1268 1023 1341 fortunae,
1047 1281 1081 1328 ut

111 1362 253 1421 mnodo
277 1363 317 1434 hi,
342 1362 428 1420 morlo
452 1362 503 1434 illi,
528 1362 558 1419 in
582 1381 694 1420 summo
717 1373 814 1419 essent
828 1373 878 1419 ant
900 1363 1015 1439 fastigio
1029 1376 1081 1421 aut

166 1457 310 1535 periculo)
326 1457 507 1531 habebatque
521 1475 620 1514 secum
633 1457 674 1518 Q.
688 1456 816 1513 Gellium
837 1456 963 1530 Canum,
985 1476 1080 1532 nqua-

167 1552 224 1609 lem
246 1552 480 1626 simillimumque
504 1552 558 1609 sui.
600 1551 666 1609 Hoc
690 1570 801 1626 quoque
823 1551 860 1608 sit
884 1551 977 1622 Attici
999 1553 1080 1610 boni·

167 1648 234 1705 tatis
254 1648 427 1723 exemplum,
449 1645 527 1721 quod
548 1665 616 1703 cum
637 1666 682 1718 eo,
706 1664 792 1720 quem
813 1664 935 1720 puerum
956 1645 987 1703 in
1010 1647 1080 1705 ludo

168 1754 350 1819 cognoverat,
377 1741 450 1800 adeb
477 1739 634 1818 conjuncte
661 1741 741 1813 vixit,
777 1752 809 1798 ut
845 1740 882 1797 ad
918 1753 1078 1800 extremam

111 1838 148 1896 15
168 1850 282 1896 aetatem
297 1837 425 1894 amicitia
441 1856 540 1895 eorum
562 1837 693 1894 creverit.
735 1835 882 1893 Antonius
903 1847 1000 1894 autem
1024 1838 1079 1896 etsi

168 1943 249 1990 tanto
261 1932 328 1989 odio
343 1931 486 1989 ferebatur
500 1931 530 1988 in
545 1931 728 2003 Ciceronem,
740 1941 772 1988 ut
786 1949 844 1988 non
858 1929 952 1988 solum
974 1932 1013 2006 ei,
1027 1934 1078 1991 scd

166 2026 301 2084 omnibus
315 2026 402 2083 etiam
416 2025 479 2101 ejus
493 2025 595 2082 amicis
608 2036 685 2083 esset
699 2025 845 2098 inimicus,
867 2044 974 2100 eosque
994 2028 1079 2087 vellet

167 2122 364 2198 proscribere;
399 2121 497 2180 multis
524 2121 705 2180 hortantibus
731 2132 829 2178 tamen
853 2120 946 2179 Attici
970 2141 1079 2181 mernor

168 2217 332 2289 suitofficii‚
355 2229 385 2275 et
410 2217 448 2289 ei,
475 2235 564 2292 quum
590 2215 757 2290 requisisset
778 2214 897 2272 ubinam
917 2227 1006 2289 esset,
1027 2216 1079 2275 sub

107 2314 149 2372 20
167 2332 256 2370 manu
270 2312 394 2386 scripsit,
409 2330 443 2368 ne
467 2313 585 2382 timeret,
610 2311 762 2385 statimque
785 2310 827 2367 od
851 2329 880 2368 se
901 2312 1033 2369 reniret:
1050 2328 1079 2369 se

166 2404 472 2478 commilitaneos&
498 2404 622 2462 Gellium
645 2404 766 2477 omum,
794 2405 829 2463 de
850 2406 1079 2482 proscriptorum

167 2520 280 2565 numero
294 2501 430 2559 exemisse.
474 2501 531 2572 Ac,
546 2501 674 2575 nequod
689 2499 719 2557 in
744 2499 905 2576 periculum
925 2500 1078 2575 incideret,

167 2596 243 2672 qubd
258 2607 346 2655 noctu
366 2596 463 2668 fiebat,
484 2595 650 2672 praesidinm
666 2595 694 2652 ei
708 2594 794 2653 misit.
835 2594 887 2652 Sic
908 2595 1027 2654 Atticus
1047 2596 1079 2654 iu

166 2711 279 2750 summo
292 2692 394 2749 timore
408 2710 467 2748 non
482 2688 575 2748 solinu
589 2689 654 2761 sibi,
668 2690 719 2746 sed
734 2689 821 2746 etiam
833 2688 873 2761 ei,
886 2708 974 2764 quem
991 2690 1079 2749 caris·

106 2788 148 2848 25
167 2789 271 2847 simum
286 2787 420 2858 habebat,
435 2785 568 2860 praesidio
579 2784 640 2842 uit.
682 2783 786 2859 Neque
799 2784 877 2842 enirn
902 2803 962 2842 sua
984 2783 1078 2845 solum

167 2902 338 2961 aquoquam
360 2882 497 2939 auxilinm
521 2880 604 2957 petiit
627 2879 738 2952 salutis,
753 2881 803 2937 sed
827 2879 1021 2955 conjunctim
1047 2892 1079 2940 nt

167 2991 325 3057 appareret,
340 2979 449 3037 nullam
464 2977 625 3053 sejunctam
648 2975 703 3033 sibi
718 2976 754 3033 ab
773 2995 808 3033 eo
828 2975 902 3033 velle
926 2976 1078 3034 fortunam.

164 3075 256 3138 Quod
271 3075 296 3132 si
310 3076 484 3151 gubernator
502 3073 649 3150 praecipuai
672 3072 758 3130 laude
780 3072 878 3142 sertor,
902 3072 952 3146 qui
975 3090 1079 3130 narem

165 3191 202 3229 ex
217 3171 312 3227 hieme
326 3170 454 3245 marique
469 3169 620 3244 scopuloso
634 3179 746 3237 servat3
768 3185 820 3224 cur
843 3185 902 3224 non
923 3166 1080 3244 singularis

106 3266 147 3325 30
166 3266 229 3340 ejus
243 3263 421 3321 existimetur
434 3263 598 3337 prudentia,
612 3263 661 3337 qui
679 3281 717 3319 ex
737 3272 780 3319 tot
801 3272 919 3336 tamque
942 3263 1080 3338 gravibus

165 3358 300 3436 procellis
311 3358 445 3415 civilibus
459 3358 495 3415 ad
510 3358 738 3415 incolumitatem
753 3355 883 3431 pervenit
895 3357 907 3411 l

206 3455 261 3510 Xl.
302 3454 420 3516 Quibus
434 3473 470 3512 ex
484 3453 568 3511 malis
592 3464 625 3510 nt
651 3472 683 3509 se
709 3462 876 3523 emerserat,
903 3449 978 3509 nihil
1000 3451 1080 3510 aliud

167 3548 237 3625 egit,
264 3547 349 3624 quim
378 3560 409 3607 ut
433 3548 575 3625 plurimis,
602 3546 708 3622 quibus
747 3547 833 3604 rebus
869 3558 976 3621 pauet,
1002 3558 1081 3607 esset
