2392 4132
474 316 652 370 annones.
1035 306 1078 372 aa

110 477 193 536 andri
213 477 290 535 lilius
311 495 434 554 regnum
455 477 671 553 adipisceretur.
714 477 767 535 Sin
789 476 886 553 aliqud
906 477 1018 555 cupidi·

110 586 167 631 tate
194 583 341 648 raperetur
368 572 399 630 in
434 572 653 645 Macedoniam,
682 572 812 630 omnium
847 572 1017 647 injuriarum

109 667 335 740 oblivisceretur,
349 679 379 725 et
392 667 579 724 inneminem
590 667 738 725 acerbiore
750 660 876 725 uteretur
887 667 1016 743 imperio.

109 763 222 820 Horum
235 762 308 819 nihil
322 761 456 819 coiecit·
489 761 519 818 N
522 781 567 818 am
580 773 611 820 et
625 762 655 818 in
670 761 874 820 Macedoniam
888 764 1017 838 profecta

108 869 162 929 est,
183 869 213 915 et
240 857 280 914 ibi
307 855 506 913 crudelissime
532 875 563 914 se
589 857 688 932 gessit
742 856 830 915 Petiit
856 869 953 915 autem
981 858 1057 917 abc

109 951 241 1009 Eumene
255 952 385 1023 absente,
399 970 437 1022 ne
450 962 607 1027 pateretur,
617 951 743 1027 Philippi
753 951 856 1009 domirs
864 962 893 1009 et
902 952 1017 1011 familie

110 1046 324 1105 inimicissimos
337 1046 455 1122 stirpem
468 1065 580 1121 quoque
595 1045 772 1119 interimere,
782 1048 924 1122 ferretque
932 1051 1018 1124 opeiu

110 1142 207 1199 liberis
223 1141 392 1199 Alexandri.
433 1140 534 1203 Quam
555 1140 669 1198 reniam
693 1141 718 1198 si
739 1141 794 1198 sibi
818 1141 910 1214 daret,
931 1139 1017 1216 qudm
1059 1134 1073 1185 l

109 1235 233 1315 primlrm
247 1236 393 1295 exercitus
407 1247 532 1311 pararet,
545 1255 616 1311 quos
630 1235 685 1293 sibi
699 1235 829 1294 subsidio
850 1237 1016 1295 adduceret.

111 1331 145 1389 ld
159 1331 216 1407 qud
226 1329 345 1397 ‚facilins
360 1332 477 1403 faceret,
490 1350 521 1388 se
534 1330 669 1390 omnibus
682 1331 836 1407 prefectis,
850 1331 900 1407 qui
918 1331 948 1389 in
959 1331 1019 1391 offi·
1040 1332 1078 1389 lc

110 1427 157 1487 cio
170 1428 338 1499 manebant,
357 1426 470 1495 misisse
490 1426 611 1499 litteras,
635 1436 667 1483 ut
683 1425 711 1483 ei
733 1437 878 1501 parerent,
899 1426 1018 1502 ejusque

109 1522 239 1581 consiliis
267 1533 424 1581 uterentur.
479 1520 536 1578 His
565 1521 652 1578 rebus
683 1519 832 1577 Eumenes
861 1531 1018 1595 permotus,

109 1617 199 1675 sanus
212 1617 304 1689 duxit,
317 1616 343 1675 si
357 1616 398 1674 ita
411 1613 524 1675 tulisset
545 1616 670 1682 fortuna,
694 1614 788 1690 perire
810 1615 885 1673 bene
909 1614 1019 1673 meritis

109 1711 280 1770 referentem
294 1709 427 1786 gratiam,
437 1707 525 1784 quarn
537 1709 683 1785 ingratum
697 1709 801 1766 virere.

149 1805 219 1864 VII.
261 1805 363 1881 Itaque
376 1805 476 1880 copias
488 1804 642 1876 contraxit,
657 1804 764 1861 bellurn
784 1801 922 1882 adversus
935 1803 1020 1863 Anti·
1041 1806 1079 1863 15

109 1919 217 1977 gonum
231 1899 416 1975 comparavit
456 1896 548 1961 Quod
562 1897 622 1957 und
634 1910 718 1958 erant
741 1897 920 1980 Macedones
943 1919 1021 1957 com·

109 1997 207 2072 plures
228 1995 340 2053 nobiles
358 1992 404 2071 (in
426 1994 471 2051 lais
498 1994 666 2066 Peucestes,
693 1994 743 2069 qui
769 1993 896 2069 corporis
923 2007 1020 2052 custos

111 2092 203 2150 fuerat
229 2088 401 2163 Alexandri,
424 2099 486 2148 tum
510 2099 607 2146 autem
630 2088 779 2147 obtinebat
802 2088 969 2159 Persidem
991 2099 1021 2148 et

112 2187 285 2263 Antigenes,
299 2185 384 2260 cujus
398 2185 453 2241 sub
465 2183 585 2260 imperio
596 2183 722 2259 phalanx
734 2194 796 2242 erat
807 2182 1019 2262 Macedonum)

111 2281 248 2341 invidiam
272 2298 375 2339 verens
389 2276 490 2355 (quam
512 2290 608 2337 tamen
625 2279 754 2354 effugere
775 2298 834 2336 non
857 2277 976 2357 potuit),
996 2278 1021 2337 si
1039 2279 1080 2337 2⁰

110 2375 206 2453 potiris
222 2375 283 2452 ipse
298 2375 464 2450 alienigena
477 2374 583 2432 summi
593 2374 705 2450 imperii
715 2373 864 2450 potiretur,
873 2373 959 2449 quem
972 2375 1021 2432 alii

112 2471 318 2543 Macedonum,
332 2488 455 2546 quorum
477 2469 517 2526 ibi
538 2480 602 2528 erat
624 2469 797 2539 multitudo;
819 2469 850 2526 in
870 2468 1021 2546 principiis

93 2578 95 2583 '
110 2567 228 2626 nomine
242 2564 405 2625 Alexandri
419 2564 520 2623 statuit
532 2563 762 2636 tabernaculum,
774 2563 806 2620 in
818 2582 910 2638 eoque
921 2563 1021 2621 sellam

112 2681 229 2721 auream
252 2680 320 2719 cum
342 2671 456 2736 sceptro
478 2679 512 2719 ac
533 2659 697 2718 diademate
716 2658 803 2734 jussit
825 2658 904 2735 poni,
928 2656 1021 2734 edque

111 2776 213 2816 omnes
224 2756 353 2833 quotidie
367 2755 533 2828 convenire,
547 2766 580 2813 ut
593 2755 634 2812 ibi
648 2742 685 2813 de
703 2753 825 2812 summis
845 2754 932 2811 rebus
953 2773 1021 2811 con·
1040 2753 1081 2812 25

112 2853 178 2911 silia
202 2862 396 2928 caperentur:
425 2851 549 2909 credens
572 2848 684 2906 minore
710 2868 743 2906 se
769 2847 878 2905 invidia
899 2848 969 2919 sore,
997 2847 1022 2905 si

112 2947 209 3025 specie
220 2945 344 3024 imperii,
353 2944 535 3019 nominisque
543 2943 727 3001 simulatione
736 2940 906 3011 Alexandri,
914 2941 1021 2999 bellurn

113 3045 257 3102 videretur
271 3040 491 3100 administrare:
511 3039 588 3114 quod
602 3048 631 3096 et
645 3037 723 3095 fecit.
765 3036 843 3093 Nam
857 3053 945 3110 quum
963 3054 1034 3129 non·

114 3140 151 3198 ad
164 3136 307 3196 Eumenis
320 3135 475 3212 principia,
489 3135 540 3193 scd
556 3134 592 3191 ad
605 3132 686 3210 regia
707 3129 919 3204 conveniretur,
939 3142 1023 3207 atque

114 3234 154 3295 ibi
168 3235 205 3292 de
218 3233 306 3292 rebus
315 3230 534 3303 deliberaretur,
548 3229 672 3304 quodam
686 3228 772 3287 modo
787 3228 914 3298 latebat3
935 3247 1024 3304 quum
1043 3227 1084 3287 30

114 3340 212 3389 tamen
225 3347 277 3406 per
290 3346 358 3387 eum
371 3345 463 3384 unum
476 3335 646 3402 gererentur
659 3323 767 3383 omnia.

153 3423 241 3483 VIII.
283 3422 344 3481 Hic
359 3421 389 3480 in
403 3419 560 3478 Paraetacis
572 3437 640 3477 cum
655 3417 805 3494 Antigono
815 3417 956 3490 conflixit,
965 3437 1024 3477 non

114 3518 179 3577 scie
192 3518 346 3592 instructi,
360 3517 411 3575 scd
425 3515 456 3574 in
480 3514 602 3575 itinere:
623 3532 748 3588 eumque
771 3511 847 3572 mald
872 3524 1025 3589 acceptum
