2392 4132
112 349 153 405 68
386 378 388 382 -
494 354 761 407 srnmlnonnns.

173 514 288 572 crimini
302 514 419 586 dabant,
433 514 599 590 omniaque,
621 534 685 590 quae
709 514 827 590 coliegae
848 514 991 587 dixerant,
1014 534 1082 573 oon·

173 613 265 669 sessus
289 621 342 680 est,
368 628 461 684 neque
484 609 638 681 recusarit,
662 607 719 684 quo
744 606 841 666 minds
867 608 939 684 legis
966 628 1081 684 poenam

173 707 301 775 subiret3
328 705 379 761 sed
406 724 497 761 unum
525 704 618 762 abiis
641 704 752 780 petivit,
776 703 858 762 utin
879 703 1009 779 periculo
1030 725 1081 763 suo

173 801 377 858 inscriberent:
399 799 620 876 Epaminondas
640 819 660 857 a
683 799 827 857 ssebanis
848 809 935 858 morte
942 801 1081 859 multatus

132 900 153 956 5
173 905 224 968 est,
239 895 318 972 quid
328 916 373 953 eos
390 897 485 969 eo'e'gr‘t
499 895 579 972 apud
597 896 727 952 Leuctra
746 914 880 972 superare
901 896 1080 953 Lacedemo-

172 993 245 1064 reios,
257 999 397 1067 presente
406 1011 434 1047 se
442 992 638 1066 imperatorem
648 1009 725 1047 nemo
736 990 916 1048 Boeotiorum
926 991 1081 1068 aamtsfuit

173 1089 299 1163 aspicere
312 1087 343 1143 in
357 1086 440 1143 acie:
461 1082 590 1161 quidque
603 1104 659 1142 erro
667 1085 772 1161 proelio
783 1104 839 1142 nom
857 1084 948 1144 solem
968 1086 1079 1145 Titebm

172 1183 208 1238 ab
215 1183 333 1239 interitu
344 1181 476 1252 retraxit,
485 1180 626 1237 sedetiam
633 1181 795 1238 nniversam
805 1180 949 1237 Greciam
960 1182 991 1238 im
1000 1181 1082 1247 libers
1109 1196 1112 1201 ’

173 1285 257 1333 tatem
271 1276 441 1347 vindicavit,
455 1272 540 1350 edqme
553 1294 597 1332 res
610 1283 792 1351 utrorumque
799 1275 947 1351 perduxit,
960 1284 993 1333 nt
1009 1277 1081 1335 Tito·

118 1374 153 1431 10
173 1373 242 1429 barri
255 1371 394 1448 Spartam
407 1378 617 1446 oppugnarent,
633 1370 846 1428 Lacedaemonii
853 1367 926 1427 satis
935 1371 1079 1439 haberent,

171 1468 198 1524 si
211 1467 285 1524 salvi
298 1486 355 1523 esse
362 1474 496 1543 possent:
517 1485 603 1542 neque
611 1463 701 1542 priris
720 1465 823 1524 bellare
841 1466 962 1539 destitit,
983 1464 1078 1544 qadm,

172 1560 477 1634 Messendconstitutci,
491 1561 960 1619 urbemeorumobsidiorreeloasit.
1004 1562 1079 1620 Haec

171 1681 260 1736 quum
274 1659 403 1733 dixisset,
417 1659 492 1717 risus
505 1659 635 1717 omnium
649 1678 716 1716 curn
732 1659 874 1717 hilaritate
889 1662 1006 1718 coortus
1019 1670 1079 1718 est·

172 1777 265 1832 neque
279 1756 429 1832 quisquam
441 1754 531 1830 judex
545 1773 631 1811 ausus
644 1766 689 1812 est
703 1755 739 1811 de
753 1773 788 1812 eo
807 1755 881 1812 ferre
901 1753 1079 1830 suffragium.

115 1853 153 1910 15
173 1851 223 1908 Sic
238 1871 255 1908 a
266 1851 376 1927 judicio
390 1849 494 1925 capitis
508 1848 633 1906 maximi
644 1848 778 1907 discessit
791 1839 891 1924 gloriis.

210 1945 266 2002 IX.
308 1944 367 2002 Hic
381 1943 803 2020 extremotemporeimperator
812 1944 888 2020 apud
897 1943 1080 2003 Mantineam

170 2059 258 2115 quum
279 2039 341 2096 acie
361 2039 501 2097 instruere
522 2037 662 2096 audeciirs
681 2038 801 2097 instaret
819 2041 926 2111 hostes,
946 2039 1081 2116 cognitus

172 2154 189 2192 a
208 2134 447 2207 Lacedaemoniis,
471 2133 549 2209 qudd
576 2134 606 2192 in
634 2133 720 2192 unius
743 2134 872 2210 pernicie
896 2134 960 2210 ejus
980 2134 1080 2211 patrie

170 2234 255 2292 sitam
278 2234 419 2309 putabant
445 2235 577 2305 salutern,
605 2232 732 2290 universi
759 2232 790 2289 in
817 2250 908 2295 unum
940 2232 1080 2309 impetum

106 2330 152 2387 Ἄ)
172 2330 312 2399 fecerunt,
327 2347 420 2403 neque
433 2326 514 2403 pride
528 2329 740 2399 abscesserunt,
755 2325 852 2403 quim,
871 2327 979 2403 magni
998 2329 1080 2386 caede

171 2422 258 2494 sacti,
272 2421 426 2496 multisque
435 2421 551 2494 occisis,
565 2421 718 2480 fortissime
734 2422 827 2498 ipsum
846 2421 1079 2498 Epaminondam

169 2531 357 2596 pugnantem,
382 2538 466 2595 sparo
492 2519 607 2577 eminus
625 2538 805 2596 percussum,
825 2519 980 2578 concidere
1001 2520 1079 2578 vide·

169 2625 245 2672 runt.
286 2613 383 2688 Hujus
407 2632 477 2671 casu
504 2613 683 2689 aliquantdm
707 2614 844 2673 retardati
868 2625 936 2672 sunt
955 2614 1076 2674 Boeotii·

171 2727 264 2784 neque
274 2719 372 2766 temen
386 2707 465 2783 prius
476 2710 575 2784 pugna
589 2721 786 2781 excesserunt,
808 2707 894 2785 quim
917 2729 1079 2788 repugnan-

110 2807 152 2864 25
169 2817 214 2864 tes
226 2803 424 2881 profligdrunt.
465 2805 507 2862 At
520 2803 738 2880 Epaminondas
761 2824 849 2880 quum
871 2805 1080 2867 animadverte·

170 2912 223 2974 ret,
237 2899 416 2958 mortiferum
430 2918 461 2956 se
475 2899 579 2956 vulnus
594 2899 752 2975 accepisse,
767 2900 908 2975 simulque
922 2900 947 2958 ri
960 2902 1078 2976 serrum,

170 2997 245 3072 quod
259 3015 296 3055 ex
306 2993 404 3053 hastili
416 2994 447 3051 in
467 3013 586 3070 corpore
609 3006 795 3067 remanserat,
816 2994 997 3069 extraxisset,
1020 2997 1080 3055 ani-

169 3110 245 3148 mam
272 3091 368 3149 statim
395 3089 589 3147 emissurum:
623 3108 714 3164 usque
750 3087 786 3146 eo
821 3089 949 3162 retinuit,
985 3092 1079 3166 quoad

170 3187 366 3244 renuntiatum
379 3197 432 3258 est,
447 3180 551 3242 vicisse
566 3183 700 3242 Boeotios.
742 3183 778 3239 Id
791 3194 942 3258 postquam
955 3186 1080 3245 audivit:

109 3281 151 3339 30
170 3277 264 3352 Setis,
279 3280 381 3354 inquit,
400 3280 461 3337 eici
471 3300 482 3344 ,-
507 3280 631 3336 invictus
654 3280 726 3336 enim
747 3279 861 3335 morior.
903 3279 983 3337 Turn
1005 3282 1081 3340 ferro

169 3386 298 3433 extracto
312 3375 464 3432 confestim
478 3374 659 3432 exanimatus
672 3386 724 3455 est.

209 3468 248 3527 X.
290 3468 350 3526 Hic
376 3488 494 3528 uxorem
518 3488 666 3545 nunquam
700 3468 790 3527 duxit.
844 3468 882 3526 In
908 3489 965 3545 quo
991 3489 1080 3546 quum

169 3563 438 3644 reprehenderetur,
450 3563 528 3641 qudd
538 3564 644 3624 liberos
657 3584 716 3647 non
737 3564 921 3640 relinquemt,
943 3583 962 3622 a
979 3565 1081 3644 Pelop-
