2392 4132
481 352 663 408 DATAMEE.
1045 347 1083 407 61

117 514 264 590 Datames,
288 536 357 575 cum
381 519 486 593 quibus
513 520 566 578 iter
593 521 729 592 faciebat,
757 532 789 578 ut
812 521 903 596 parati
930 536 1027 583 essent

117 615 222 686 lacere,
242 613 319 687 quod
347 612 442 688 ipsum
468 614 616 671 vidissent.
664 614 742 689 Ipse,
762 627 795 673 ut
821 628 1027 674 concurrentes

118 707 298 765 insidiatores
323 707 533 779 animadvertit,
558 709 616 766 tela
643 708 673 765 in
700 728 750 766 eos
776 709 910 784 conjecit.
960 710 1026 768 Hoc

118 801 192 859 idem
207 820 297 876 quum
310 801 438 858 universi
451 802 598 874 fecissent,
612 803 779 878 priusquam
792 804 976 880 pervenirent
989 805 1024 861 ad

116 916 192 968 eum,
207 914 293 970 quem
307 895 426 971 aggredi
440 896 585 966 volebant,
600 896 707 953 confixi
721 897 899 954 ceciderunt.
916 908 921 915 “
1045 899 1066 956 6

154 991 193 1049 X.
236 991 296 1047 Hic
322 1002 420 1048 tamen
447 1001 505 1047 tam
533 990 656 1047 callidus
678 991 720 1048 vir
747 1003 875 1049 extremo
899 1004 1026 1068 tempore

116 1099 217 1162 captus
226 1097 272 1143 est
282 1083 470 1156 Mithridatis,
483 1083 693 1142 Ariobarzanis
703 1084 765 1157 lilii,
776 1085 850 1143 dolo.
892 1085 1026 1160 Namque

117 1181 141 1238 is
158 1180 305 1256 pollicitus
324 1190 370 1237 est
389 1178 479 1254 Regi,
493 1197 525 1236 se
544 1196 611 1235 eum
633 1179 861 1253 interfecturum,
876 1180 942 1239 si‘ei
958 1181 1026 1238 Rex

115 1276 301 1351 permitteret,
313 1285 355 1347 ut,
366 1275 557 1349 quodcunque
568 1273 663 1345 vellet,
674 1274 775 1332 liceret
786 1273 904 1350 impune
920 1277 1025 1348 lacere,

40 1375 43 1380 '
116 1370 258 1445 fidemque
285 1370 322 1426 de
349 1369 385 1427 ab
410 1388 452 1441 re,
476 1387 556 1426 more
575 1368 740 1441 Persarum,
761 1369 862 1427 dextri
889 1371 1023 1427 dedisset.
1047 1370 1085 1426 10

116 1464 203 1523 Hanc
216 1475 249 1522 ut
262 1462 376 1540 accepit
391 1482 408 1520 a
421 1462 507 1538 Rege
520 1462 648 1535 missam,
663 1463 761 1539 copias
774 1475 866 1538 parat,
878 1475 908 1522 et
922 1465 1026 1522 absens

115 1559 271 1618 amicitiam
295 1578 362 1616 cum
383 1557 507 1616 Datame
531 1559 611 1629 facit,
632 1558 726 1633 Regis
748 1558 911 1632 provincias
932 1571 1025 1630 vexat,

116 1655 233 1712 castella
243 1664 400 1729 expugnat,
412 1672 534 1728 magnas
547 1652 659 1727 praedas
669 1652 766 1727 capit;
788 1671 908 1727 quarum
921 1653 1025 1728 partim

115 1749 173 1807 suis
193 1749 335 1824 dispertit,
355 1748 459 1824 partim
480 1748 517 1804 ad
537 1747 691 1805 Datamem
711 1746 807 1804 mittit.
853 1747 920 1804 Pari
940 1748 1025 1805 modo

114 1845 262 1920 complura
275 1844 395 1902 castella
408 1843 435 1900 ei
449 1843 544 1902 tradit.
601 1843 676 1900 Haec
690 1842 740 1899 diu
752 1843 896 1915 faciendo,
910 1862 1026 1918 persua·
1047 1844 1084 1901 15

115 1939 151 1997 sit
176 1937 299 2011 homini,
325 1957 357 1996 se
384 1937 530 1996 infinitum
558 1936 695 1994 adversus
721 1937 837 2014 Regem
864 1938 1025 2012 suscepisse

115 2032 238 2091 bellum:
263 2051 352 2107 quum
372 2032 464 2091 nihilo
483 2032 586 2107 magis,
607 2052 644 2090 ne
665 2051 751 2107 quam
772 2031 965 2108 suspicionem
984 2032 1025 2089 illi

114 2129 253 2204 preberet
284 2127 465 2199 insidiarum,
492 2146 586 2202 neque
618 2127 792 2201 colloquium
822 2127 885 2201 ejus
914 2127 1025 2202 petivit,

115 2241 206 2299 neque
221 2223 251 2280 in
266 2233 455 2298 conspectum
469 2221 567 2279 venire
579 2221 696 2279 studuit.
747 2220 797 2277 Sic
812 2221 916 2277 absens
928 2220 1026 2277 amici·

114 2318 183 2376 tiam
203 2318 333 2394 gerebat,
350 2328 383 2375 ut
402 2336 460 2374 non
482 2316 632 2374 beneficiis
652 2316 769 2388 mutuis,
791 2316 842 2372 sed
862 2316 929 2373 odio
949 2335 1026 2372 com·
1044 2316 1084 2373 20

114 2413 204 2486 muni,
225 2412 302 2487 quod
322 2430 392 2488 erga
421 2411 537 2488 Regem
567 2423 765 2488 susceperant,
785 2411 929 2469 contineri
950 2410 1026 2467 vide-

114 2519 221 2567 rentur.

151 2602 208 2661 XI.
249 2601 286 2658 Id
300 2621 388 2678 quum
402 2600 472 2660 satis
486 2622 517 2659 se
532 2603 718 2660 confirmasse
733 2601 886 2659 arbitratus
899 2613 953 2673 est,
965 2621 1026 2658 cer-

114 2697 215 2755 tiorem
235 2697 306 2754 sacit
325 2696 490 2768 Datamem,
511 2708 625 2773 tempus
648 2715 713 2754 esse
735 2697 858 2772 majores
881 2697 1025 2754 exercitus

113 2790 217 2867 parari,
231 2791 340 2848 bellum
354 2809 422 2848 cum
436 2791 498 2867 ipso
513 2792 598 2867 Rege
613 2791 730 2867 suscipi.
779 2792 881 2866 Deque
895 2791 930 2847 eti
944 2810 985 2861 re,
1000 2791 1025 2847 si
1044 2790 1085 2847 25

113 2885 139 2943 ei
165 2885 321 2958 rideretur,
345 2905 402 2960 quo
427 2886 493 2944 loco
519 2887 614 2957 vellet,
639 2886 669 2942 in
704 2885 878 2960 colloquium
905 2884 1024 2942 veniret.

113 2977 237 3039 Probat&
256 2999 298 3052 re,
319 2980 502 3054 colloquendi
522 2992 635 3055 tempus
656 2979 788 3049 sumitur,
807 2979 955 3051 locusque,
969 2997 1026 3052 quo

113 3074 323 3134 conveniretur.
365 3074 434 3132 Huc
446 3073 632 3132 Mithridates
643 3092 710 3130 cum
724 3091 792 3145 uno,
808 3071 856 3129 cui
870 3072 1026 3131 maximam

113 3168 239 3228 babebat
252 3169 349 3241 fidem,
365 3180 431 3227 ante
453 3169 560 3245 aliquot
580 3169 643 3226 dies
663 3168 752 3241 venit,
773 3167 1025 3244 compluribusque

113 3262 183 3323 locis
209 3264 365 3341 separatim
391 3264 503 3340 gladios
526 3263 632 3336 obruit,
659 3283 751 3338 eaque
777 3265 842 3321 loca
871 3263 1025 3338 diligenter
1045 3264 1085 3322 30

113 3371 200 3419 notat.
242 3359 312 3436 Ipso
332 3370 428 3417 autem
449 3358 630 3433 colloquendi
650 3358 707 3430 die,
722 3359 845 3431 utrique,
860 3359 956 3415 locum
976 3357 1025 3433 qui

113 3455 303 3532 explorarent,
319 3465 403 3529 atque
424 3454 501 3530 ipsos
521 3464 727 3525 scrutarentur,
742 3453 867 3511 mittunt.
909 3452 1025 3510 Deinde

114 3544 166 3626 ipsi
179 3560 249 3610 eunt
261 3547 420 3625 congressi.
471 3545 543 3621 Hic,
556 3566 645 3624 quum
657 3547 825 3623 aliquandiu
839 3547 869 3604 in
884 3546 1026 3622 colloquio
