2392 4132
448 288 656 340 mumanae.

111 467 225 524 aequum
239 450 335 508 locum
349 449 464 507 videbat
475 448 545 521 suis,
559 460 668 522 tamen,
689 450 778 508 fretus
792 468 913 508 numero
927 447 1023 524 eopia·

110 564 175 602 rum
189 563 317 617 suarum,
338 545 495 620 confligere
516 544 652 620 cupiebat
663 565 671 616 ;
692 544 785 622 edque
809 544 912 621 magis,
934 542 1023 618 quod,

110 639 278 714 priusquam
300 639 515 697 Lacedaemonii
552 639 683 698 subsidio
714 640 856 712 venirent,
883 639 1023 697 dimicare

110 735 181 792 utile
203 735 403 792 arbitrabatur.
445 733 548 810 Itaque
572 735 602 792 in
625 735 719 793 aciem
742 734 872 811 peditum
894 745 1022 806 eentum,

12 893 13 896 Ἴ
110 829 240 904 equitum
254 829 357 886 deeem
371 828 462 886 millia
474 829 620 904 produxit,
641 829 831 905 proeliumque
855 826 1022 887 commisit:
1041 827 1063 885 5

111 923 141 980 in
155 942 213 998 quo
226 922 307 981 tanto
321 920 387 998 plhs
401 923 505 980 virtute
527 924 679 982 valuerunt
699 924 907 997 Athenienses,
927 934 958 981 ut
974 923 1024 980 de·

110 1018 282 1093 oemplioem
316 1036 470 1075 numerum
508 1018 633 1075 hostium
659 1019 858 1096 profligirint3
892 1016 1023 1093 adedque

109 1124 335 1188 perterruerunt,
349 1123 382 1172 ut
395 1114 491 1171 Persia
505 1132 565 1172 non
579 1126 683 1187 eastra,
698 1115 749 1172 sed
768 1133 857 1172 naves
876 1113 1022 1190 petierint

109 1207 180 1269 Qui
194 1208 293 1284 pugni
307 1209 380 1265 nihil
395 1209 491 1266 adhue
513 1221 556 1268 est
575 1208 710 1268 nobilius.
753 1208 844 1268 Nulla
868 1209 947 1267 enim
970 1228 1024 1266 un·

110 1322 196 1378 quam
209 1314 269 1360 tarn
283 1304 391 1380 exigua
404 1322 507 1362 manus
521 1315 616 1364 tantas
629 1324 699 1380 opes
712 1304 873 1380 prostravit.
1045 1301 1082 1359 lo

150 1397 212 1474 VI.¹
246 1399 339 1474 Cujus
353 1399 491 1472 victorin,
505 1418 564 1458 non
579 1400 708 1458 alienum
719 1400 841 1474 videtur,
852 1401 937 1477 quale
948 1420 1020 1477 prae·

110 1492 201 1550 mium
225 1493 353 1552 Miltiadi
380 1495 418 1553 sit
443 1495 594 1568 tributum,
622 1496 738 1568 dooere,
762 1495 819 1572 qud
842 1495 957 1554 saeiliirs
981 1497 1024 1553 in-

110 1587 201 1663 telligi
213 1589 313 1664 possit,
328 1590 452 1647 eandem
465 1590 596 1648 omniurn
620 1590 770 1649 civitatum
794 1610 859 1649 esse
880 1603 1022 1650 naturam.

111 1682 151 1740 Ut
162 1683 242 1740 enim
255 1685 354 1760 populi
367 1685 458 1743 nostri
472 1685 595 1743 honores
609 1686 754 1760 quondam
778 1686 895 1743 fuerunt
916 1687 974 1744 rari
994 1698 1024 1744 et

111 1789 223 1851 tenues,
237 1780 275 1837 ob
289 1799 411 1855 eamque
425 1798 544 1838 eausam
566 1779 693 1856 gloriosi,
715 1799 796 1839 nuno
820 1791 917 1838 autem
938 1782 1023 1839 effusi
1045 1784 1083 1842 15

112 1885 196 1948 atque
206 1875 347 1946 obsoleti;
369 1875 413 1933 sio
426 1875 494 1934 olim
510 1876 586 1951 apud
600 1875 798 1934 Athenienses
820 1876 908 1934 fuisse
929 1895 1024 1952 reper-

111 1966 194 2027 imus.
236 1968 371 2047 Namque
395 1971 465 2027 huie
485 1970 622 2043 Miltiadi,
650 1971 700 2046 qui
721 1971 854 2029 Athenas
878 1974 1023 2047 totamque

112 2062 258 2126 Graeoiam
272 2065 418 2138 liberarat,
439 2065 505 2124 talis
529 2067 620 2124 honos
638 2066 763 2124 tributus
782 2077 827 2124 est
851 2065 881 2122 in
900 2067 1023 2141 portien,

111 2182 174 2238 quie
188 2161 298 2223 Poeoile
320 2166 448 2233 vocatur,
470 2179 559 2236 quum
579 2180 680 2237 pugna
700 2159 904 2237 depingeretur
927 2161 1024 2220 Mara·

111 2258 221 2330 thonia,
236 2268 268 2315 ut
283 2257 312 2313 in
327 2257 429 2313 decem
442 2267 596 2332 pratorum
608 2275 729 2315 numero
747 2256 841 2332 prima
854 2255 917 2332 ejus
928 2257 1023 2332 imago
1042 2257 1083 2315 20

111 2364 275 2430 poneretur,
287 2351 368 2426 isque
390 2353 551 2410 hortaretur
565 2351 681 2424 milites,
695 2351 885 2428 proeliumque
894 2352 1024 2410 commit·

112 2459 193 2507 teret.
234 2447 317 2504 Idem
333 2446 381 2505 ille
394 2447 525 2523 populus,
545 2458 732 2522 posteaquam
755 2447 849 2522 majus
871 2447 1023 2522 imperium

113 2555 155 2602 est
177 2554 292 2615 naetus,
316 2552 346 2600 et
369 2541 521 2618 largitione
547 2541 767 2618 magistratuum
794 2554 945 2618 corruptus
969 2554 1022 2615 est,
1049 2524 1053 2533 ’

113 2649 257 2696 trecentas
271 2649 380 2695 statuas
394 2636 545 2695 Demetrio
558 2638 700 2696 Phalereo
714 2637 850 2695 decrevit.

152 2731 222 2792 VII.
263 2732 333 2791 Post
346 2733 403 2791 hoo
417 2731 550 2808 proelium
564 2733 687 2790 classem
702 2733 886 2810 septuaginta
905 2733 1022 2790 navium
1041 2732 1083 2790 25

115 2827 310 2887 Athenienses
323 2826 418 2884 eidem
439 2826 566 2886 Miltiadi
585 2828 738 2900 dederunt,
760 2839 792 2886 ut
816 2827 935 2900 insulas,
959 2844 1022 2902 quor
1074 2887 1077 2896 ,

114 2923 249 2981 barbaros
260 2922 439 2998 adjuverant,
453 2921 530 2979 bello
543 2933 770 2997 persequeretur.
811 2921 882 2983 Quo
904 2920 1024 2996 imperio

112 3019 263 3095 plerasque
279 3018 315 3074 ad
328 3016 456 3075 officium
469 3014 564 3073 redire
578 3015 685 3092 coegit,
707 3015 863 3073 nonnullas
875 3014 903 3072 vi
917 3034 1025 3092 expug-

113 3112 200 3171 navit.
243 3111 290 3170 Ex
313 3112 359 3169 his
378 3112 485 3170 Parum
509 3110 644 3183 insulam,
668 3110 771 3186 opibus
792 3110 907 3178 elatam,
930 3130 1018 3186 quum

113 3209 243 3267 oratione
257 3206 447 3265 reconsiliare
458 3225 517 3264 non
527 3217 634 3282 posset,
643 3205 742 3282 oopias
751 3224 769 3262 e
779 3206 902 3264 navibus
912 3207 1022 3280 eduxit,
1042 3207 1083 3266 30

113 3303 216 3361 urbem
229 3301 365 3378 operibus
379 3300 484 3360 elausit
493 3301 630 3377 omnique
641 3313 804 3360 commeatu
814 3301 953 3378 privavit3
975 3302 1024 3360 de·

114 3397 183 3456 inde
197 3396 291 3456 vineis
315 3415 350 3455 ao
376 3395 571 3456 testudinibus
593 3395 767 3469 constitutis,
788 3394 906 3472 propihs
928 3416 1024 3455 muros
1123 3475 1124 3479 Ἰ

116 3492 248 3556 secessit
289 3491 392 3555 Quum
404 3491 464 3569 jam
478 3491 509 3551 in
533 3511 569 3551 eo
589 3502 676 3566 esset,
695 3502 728 3551 ut
748 3490 854 3568 oppido
875 3493 1024 3568 potiretur,
