2392 4132
474 327 668 379 uiuruanu
1030 326 1088 384 105
1171 324 1177 331 ’

116 499 186 538 eum
201 481 349 540 Hannibal
367 485 497 560 opprimi.
540 488 598 545 Sed
620 488 771 564 utrobique
792 490 940 548 Eumenes
962 490 1029 568 plirs

116 577 231 634 valebat
244 589 358 652 propter
377 579 576 638 Romanorum
590 584 778 642 societatem:
798 605 884 661 quem
898 587 923 644 si
937 607 1028 646 remo·

116 671 214 742 visset,
227 673 356 730 faciliora
369 674 424 730 sibi
439 687 544 733 cetera
557 678 627 749 fore,
643 679 842 738 arbitrabatur.
884 683 933 738 Ad
948 684 1028 740 hunc

117 765 351 824 interficiendum
377 770 465 826 talem
493 771 558 828 iniit
584 773 734 830 rationem.
800 775 901 832 Classe
925 777 1027 852 paucis

115 861 219 918 diebus
238 873 322 920 erant
342 863 496 921 decreturi.
538 866 734 941 Superabatur
758 868 875 925 narium
900 870 1027 928 multitu·
1046 871 1067 927 5

115 956 192 1012 diue.
234 956 309 1014 Dolo
319 970 381 1015 erat
392 960 591 1033 pugnandum,
602 980 691 1036 quum
704 980 756 1036 par
767 981 826 1020 non
840 975 916 1021 esset
930 965 1025 1021 armis.

116 1049 271 1126 Imperavit
302 1051 390 1127 quim
422 1054 560 1129 plurimas
588 1065 744 1113 venenatas
778 1068 926 1131 serpentes
949 1057 1027 1115 vivas

115 1147 222 1223 colligi,
244 1167 348 1222 easque
372 1148 404 1205 in
428 1168 497 1206 rasa
520 1149 621 1207 fictilia
644 1150 759 1225 conjici.
802 1151 914 1208 Harum
938 1171 1026 1226 quum

115 1243 289 1301 confecisset
298 1262 433 1319 magnam
442 1244 672 1317 multitudinem,
683 1245 731 1301 die
746 1245 817 1320 ipso,
829 1265 887 1320 quo
897 1247 1026 1303 facturus

114 1348 176 1394 erat
190 1339 289 1394 navale
303 1337 446 1412 proelium,
465 1338 627 1397 classiarios
641 1350 791 1412 convocat,
803 1340 904 1415 hisque
926 1340 1026 1416 praei·
1047 1341 1085 1398 ln

114 1431 156 1505 pit
168 1450 270 1488 ornnes
284 1444 315 1489 ut
329 1433 359 1488 in
374 1452 462 1489 unam
477 1433 618 1490 Eumenis
631 1434 708 1508 regis
722 1445 898 1492 concurrant
911 1455 1025 1508 navem,

114 1545 132 1582 a
145 1527 257 1584 caeteris
270 1526 383 1584 tannim
398 1526 469 1585 satis
483 1529 607 1585 habeant
621 1548 652 1584 se
666 1530 831 1585 defendere.
889 1529 924 1586 Id
939 1528 1025 1586 facile

114 1621 178 1679 illos
191 1621 367 1696 serpentium
381 1622 566 1680 multitudine
580 1634 796 1680 consecuturos.
845 1624 914 1680 Rex
928 1635 1025 1680 autem

114 1716 143 1773 in
157 1717 215 1791 qua
229 1736 302 1774 nave
315 1719 477 1790 veheretur,
493 1729 524 1775 ut
538 1718 656 1790 scirent,
671 1736 702 1774 se
716 1719 860 1774 facturum
872 1738 879 1788 ;
901 1737 986 1792 quem
1000 1718 1025 1774 si

44 1878 49 1885 ,
113 1823 163 1870 aut
175 1812 330 1888 cepissent,
346 1824 394 1871 aut
408 1813 630 1886 interfecissent,
645 1832 751 1888 magno
765 1813 810 1870 his
823 1813 974 1890 pollicetur
993 1813 1022 1870 id
1045 1815 1084 1871 15

112 1906 231 1982 praemio
244 1909 313 1964 fore.

151 2003 207 2060 XI.
248 2003 318 2061 Tali
351 2003 548 2061 cohortatione
584 2004 707 2063 militum
737 2005 825 2077 facta,
852 2003 953 2062 classis
989 2005 1025 2062 ab

113 2098 240 2174 utrisque
261 2099 291 2155 in
314 2099 447 2174 proelium
471 2099 633 2157 deducitur.
674 2099 809 2160 Quarum
835 2098 897 2156 acie
919 2098 1025 2158 consti-

112 2194 185 2266 tuit,
211 2194 377 2270 priusquam
398 2194 514 2270 signum
534 2214 639 2270 pugne
663 2195 790 2266 daretur,
812 2193 972 2266 Hannibal,
994 2205 1025 2251 ut

111 2289 208 2366 paldm
222 2290 330 2347 faceret
344 2289 413 2362 suis,
427 2308 484 2364 qno
497 2291 562 2348 loco
579 2289 726 2346 Eumenes
740 2299 827 2361 esset,
842 2287 1024 2346 tabellarium
1043 2288 1085 2344 20

113 2385 143 2442 in
157 2384 266 2460 scapha
279 2403 346 2440 cum
360 2385 491 2442 caduceo
504 2384 611 2454 mittit;
631 2384 681 2460 qui
694 2383 745 2441 ubi
765 2385 800 2441 ad
814 2402 902 2440 naves
927 2383 1026 2440 adrer-

112 2479 252 2537 sariorum
275 2478 417 2554 pervenit,
430 2479 579 2554 epistolam
602 2479 770 2551 ostendens,
791 2498 822 2535 se
846 2497 943 2553 regern
962 2498 1026 2552 pro·

112 2576 205 2632 fessus
218 2585 263 2631 est
275 2592 411 2649 quaerere.
468 2573 572 2630 Statim
586 2573 622 2630 ad
637 2573 799 2630 Eumenem
813 2572 956 2629 deductus
969 2582 1023 2644 est,

112 2668 190 2744 qudd
212 2688 299 2730 nemo
319 2668 479 2740 dubitabat,
502 2667 609 2743 aliquid
634 2670 670 2724 de
694 2686 767 2744 pace
792 2685 856 2724 esse
877 2667 1023 2742 scriptum.

111 2763 305 2836 Tabellarius,
333 2763 416 2820 ducis
437 2783 510 2821 nave
536 2763 685 2821 declarati
709 2762 779 2836 suis,
806 2761 920 2834 eddem,
946 2763 1023 2818 unde
1042 2761 1084 2818 25

112 2859 194 2931 ierat,
210 2879 240 2916 se
251 2857 369 2934 recepit.
411 2859 453 2916 At
467 2858 625 2930 Eumenes,
640 2858 734 2914 soluta
759 2856 890 2932 epistola,
905 2855 977 2912 nihil
993 2855 1023 2912 in

110 2955 147 3012 ed
168 2954 284 3031 reperit,
312 2953 368 3011 nisi
394 2954 472 3029 quod
497 2954 534 3010 ad
562 2953 741 3010 irridendum
762 2969 829 3007 eum
847 2948 1022 3024 pertineret:

111 3049 195 3125 cujus
209 3049 264 3107 etsi
278 3068 398 3106 causam
413 3049 581 3120 mirabatur,
596 3066 690 3122 neque
707 3044 912 3120 reperiebatur,
926 3053 1024 3101 tamen

110 3145 243 3219 proelium
264 3144 360 3203 statim
381 3143 562 3202 committere
584 3162 643 3200 non
666 3140 815 3199 dubitavit.
857 3138 969 3196 Horum
995 3139 1024 3196 in

110 3260 254 3299 concursu
269 3239 398 3314 Bithyni,
414 3239 589 3297 Hannibalis
602 3250 756 3314 praecepto,
772 3233 897 3292 universi
920 3254 1023 3292 navem
1043 3238 1083 3295 30

111 3337 252 3394 Eumenis
273 3335 458 3393 adoriuntur:
479 3352 601 3409 quorum
621 3333 679 3389 vim
700 3350 789 3407 quum
809 3349 861 3388 rex
882 3331 1024 3388 sustinere

109 3451 168 3490 non
189 3441 296 3507 posset,
311 3429 379 3506 fugi
401 3430 523 3487 salutem
542 3427 642 3503 petiit3
662 3445 749 3502 quarn
770 3435 944 3482 consecutus
965 3443 1024 3481 non

110 3537 197 3599 esset,
211 3525 269 3583 nisi
289 3523 366 3583 intra
379 3542 432 3581 sua
444 3522 579 3599 presidia
592 3540 623 3580 se
636 3521 804 3598 recepisset,
817 3537 882 3597 que
896 3516 927 3576 in
941 3537 1024 3594 prox-
