2392 4132
133 351 174 411 88
567 364 735 415 PHOCION.

192 538 301 593 eorum,
315 521 364 595 qui
378 531 442 596 post
456 521 655 581 Alexandrum
670 542 807 599 magnum
822 541 906 598 reges
920 533 988 580 sunt
1007 524 1104 598 appel·

192 614 253 687 lati,
268 635 304 672 ex
319 617 374 673 hoc
395 616 531 675 facillime
553 629 647 693 potest
668 618 804 694 judicari,
826 616 904 692 qudd
925 636 1021 690 nemo,
1045 617 1104 675 Eu·

191 727 276 766 mene
303 709 376 782 vivo,
401 730 452 768 rex
477 713 635 788 appellatus
657 723 710 784 est,
735 712 785 768 sed
809 712 979 787 praelectus3
1002 711 1102 786 iidem,

189 814 253 878 post
267 804 352 880 hujus
365 824 512 878 occasum,
528 807 624 865 statim
645 807 758 883 regium
780 818 914 864 ornatum
938 825 1102 882 nomenque

150 897 170 954 5
191 911 390 973 sumpserunt:
412 919 515 975 neque,
530 902 605 976 quod
628 901 711 960 initio
734 901 938 977 praedicdrunt,
961 921 992 959 se
1014 902 1107 960 Alex·

191 993 272 1050 andri
284 994 382 1052 liberis
395 1014 517 1071 regnum
538 1015 660 1069 servare,
674 996 703 1053 id
725 1008 860 1071 praestare
884 979 1051 1066 ioluerunt;
1072 1008 1103 1056 et

190 1106 249 1145 uno
272 1102 483 1165 propugnatore
506 1091 628 1164 sublato,
650 1091 719 1166 quid
744 1091 894 1163 sentirent,
918 1103 1100 1167 aperuerunt.
1167 1165 1168 1169 Ἰ

190 1181 287 1258 Hujus
301 1184 418 1241 sceleris
431 1184 577 1261 principes
592 1186 708 1243 fuerunt
722 1185 898 1262 Antigonus,
918 1186 1101 1260 Ptolemaeus,

190 1277 341 1350 Seleucus,
367 1277 568 1353 Lysimachus,
591 1281 764 1338 Cassander.
815 1279 981 1354 Antigonus
1004 1291 1101 1337 autern

133 1371 172 1429 10
190 1371 352 1430 Eumenem
367 1385 511 1431 mortuum
531 1374 698 1450 propinquis
721 1374 785 1450 ejus
799 1373 997 1450 sepeliendum
1012 1373 1102 1430 tradi·

190 1467 240 1524 dit.
282 1466 323 1523 Hi
337 1467 454 1525 militari
468 1469 589 1527 honesto
603 1469 714 1541 sunere,-
724 1468 881 1526 comitante
890 1478 950 1526 toto
959 1467 1100 1541 exercitu,

190 1561 400 1632 humaverunt;
421 1583 542 1639 ossaque
557 1563 620 1640 ejus
634 1563 664 1620 in
679 1562 894 1640 Cappadociam
920 1561 956 1618 ad
978 1573 1101 1620 matrem

190 1666 274 1731 atque
289 1676 407 1716 uxorem
420 1658 582 1734 liberosque
596 1659 659 1736 ejus
669 1658 850 1735 deportanda
863 1655 1010 1715 curdrunt.

433 2103 521 2163 XIX.
563 2102 831 2163 PHocloN.

226 2310 250 2367 I.
302 2310 445 2383 Phocion,
473 2309 666 2368 Atheniensis.
718 2309 782 2368 Etsi
817 2307 894 2387 sepe
923 2310 1101 2371 exercitibus

130 2406 167 2463 15
186 2403 308 2480 prefuit,
323 2423 505 2479 summosque
519 2403 703 2480 magistratus
717 2404 804 2481 cepit,
818 2416 916 2463 tamen
930 2404 1022 2464 multo
1036 2406 1101 2483 ejus

186 2498 281 2556 notior
295 2497 446 2574 integritas
460 2498 535 2572 vitae,
550 2496 637 2574 quim
651 2499 693 2557 rei
707 2499 839 2558 militaris
863 2499 952 2556 labor.
994 2500 1099 2577 Itaque

185 2593 273 2669 hujus
286 2593 425 2652 memoria
438 2605 482 2652 est
496 2593 594 2664 nulla;
616 2594 693 2651 illius
708 2604 804 2652 autem
818 2610 925 2668 magns
945 2593 1040 2653 lama:
1061 2614 1098 2655 sx
1153 2638 1160 2650 .

185 2707 243 2762 quo
256 2687 430 2764 cognomine
445 2688 547 2744 Bonus
569 2699 613 2745 est
637 2688 804 2762 appellatus.
847 2685 917 2743 Fuit
935 2686 1014 2745 enim
1035 2709 1100 2765 per·

184 2781 272 2858 petud
299 2798 417 2858 pauper,
445 2800 533 2858 quum
560 2781 748 2840 divitissimus
775 2800 839 2839 esse
860 2793 958 2858 posset
982 2796 1098 2861 propter

125 2879 166 2938 20
186 2880 350 2954 frequentes
364 2878 474 2936 delatos
489 2879 622 2949 honores,
636 2887 849 2953 potestatesque
874 2896 1011 2949 summas,
1034 2898 1099 2954 quse

185 2973 213 3032 ei
228 2994 245 3032 a
258 2975 363 3051 populo
377 2974 529 3040 dabantur.
572 2972 631 3031 Hic
645 2992 733 3049 quum
750 2991 767 3030 a
787 2992 856 3049 rege
881 2973 1014 3056 Bhilippo
1037 2993 1099 3031 mu·

184 3088 256 3127 nera
269 3087 382 3146 magnae
394 3068 527 3145 pecunie
551 3067 725 3145 repudiaret,
748 3069 892 3145 legatique
916 3054 1099 3128 hortarentur

186 3162 329 3238 accipere,
343 3163 485 3238 simulque
500 3163 699 3235 admonerent,
713 3163 737 3220 si
750 3164 810 3239 ipse
821 3164 867 3220 his
876 3161 961 3221 facile
973 3176 1098 3239 careret,

185 3257 284 3314 liberis
298 3269 395 3315 tamen
409 3259 469 3316 suis
482 3258 668 3334 prospiceret,
689 3259 793 3333 quibus
815 3258 932 3316 difficile
954 3269 1041 3332 esset,
1066 3258 1098 3317 in

125 3351 166 3409 25
185 3351 299 3408 summi
312 3364 480 3428 paupertate
494 3363 604 3411 tentam
622 3364 771 3428 paternam
793 3353 868 3410 tueri
892 3351 1030 3428 gloriam:
1052 3353 1098 3411 his

185 3444 243 3517 ille,
259 3446 286 3501 si
308 3447 362 3503 mei
371 3447 476 3504 similes
493 3455 585 3520 erunt,
599 3447 672 3504 idem
695 3448 752 3520 tic,
775 3447 877 3523 inquit,
902 3447 1012 3521 agenn
1034 3447 1098 3506 illos

142 3588 149 3602 ,
185 3539 252 3611 alet,
266 3540 317 3616 qni
329 3559 370 3598 ms
384 3541 425 3599 ad
436 3542 509 3599 lanc
523 3541 695 3618 dignitatem
700 3541 856 3619 perducis
878 3541 923 3598 sin
945 3541 1098 3602 dissimiles
