2392 4132
114 370 155 431 tte
538 379 731 433 urnulam„

174 539 228 598 suit
242 551 405 613 contentus,
421 542 471 598 sed
486 541 573 599 etiam
588 541 661 598 fines
686 539 798 616 imperii
822 538 998 615 propagavit,
1023 536 1084 597 totd

173 633 275 691 Africa
288 645 400 692 tantum
414 635 504 694 otium
520 634 654 707 reddidit,
673 644 706 692 ut
730 633 840 690 nullum
863 634 893 690 in
915 634 951 690 est
975 633 1083 691 bellum

172 728 316 786 videretur
330 728 427 787 multis
442 728 526 785 annis
541 728 638 786 suisse.

211 821 270 879 III.
312 822 415 879 Rebus
429 823 474 879 his
488 841 524 879 ex
539 819 682 879 sententia
704 820 839 896 peractis,
861 817 962 878 fidenti
986 821 1084 878 animo

133 916 154 973 5
174 927 257 990 atque
272 915 376 974 infesto
390 916 543 988 Romanis,
557 913 614 990 qud
626 914 741 973 facilids
755 930 872 971 causam
895 914 1021 971 bellandi
1041 908 1084 971 re'-

171 1010 287 1087 periret,
301 1010 408 1082 effecit,
423 1022 455 1068 ut
468 1010 621 1085 imperator
633 1028 700 1066 cum
719 1008 847 1066 exercitu
863 1007 893 1064 in
908 1007 1081 1084 Hispaniam

172 1104 343 1177 mitteretur,
370 1105 462 1179 adque
496 1123 595 1161 secum
630 1102 712 1160 duxit
748 1102 839 1159 lilium
874 1101 1082 1174 Hannibalem,

174 1217 314 1256 annorum
342 1217 453 1255 novem.
506 1197 577 1255 Erat
602 1208 742 1273 praeterea
764 1215 830 1253 oum
855 1215 890 1254 eo
915 1196 1084 1253 adolescens

174 1291 302 1363 illustris,
327 1292 477 1362 formosus,
501 1290 674 1347 Hasdrubal.
717 1273 804 1347 Huic·
820 1290 868 1347 ille
889 1290 977 1347 filiam
1001 1310 1084 1349 suam

117 1384 155 1443 lb
175 1384 206 1442 in
220 1384 436 1442 matrimonium
450 1384 538 1442 dedit.
579 1384 625 1441 De
647 1385 703 1442 hoc
728 1384 793 1442 ideo
815 1383 991 1442 mentionem
1015 1386 1084 1443 feci-

174 1497 249 1552 mus,
262 1477 351 1554 qudd,
379 1478 547 1536 Hamilcare
573 1478 681 1551 occiso,
707 1479 754 1536 ille
792 1478 932 1552 exercitui
958 1481 1083 1556 praefuit,

174 1593 276 1650 resque
301 1591 422 1650 magnas
445 1574 550 1649 gessit;
571 1586 602 1631 et
627 1573 762 1649 princeps
782 1573 933 1648 largitione
957 1585 1085 1632 vetustos

173 1668 310 1744 pervertit
346 1687 440 1726 mores
467 1667 771 1743 Carthaginiensium
807 1666 993 1742 ejusdemque
1020 1680 1084 1744 post

173 1774 295 1820 mortem
309 1762 458 1819 Hannibal
474 1761 510 1818 ab
524 1761 653 1819 exercitu
668 1761 781 1836 accepit
794 1761 954 1837 imperium.

120 1844 167 1915 15⁴
214 1857 268 1914 IV.
309 1858 350 1914 At
365 1856 515 1913 Hamilcar
529 1866 714 1931 posteaquam
728 1874 807 1912 mare
818 1854 941 1928 traniit,
966 1855 996 1912 in
1016 1855 1085 1915 His·

174 1951 346 2028 patriamque
360 1949 449 2021 venit,
474 1967 594 2024 magnas
617 1967 663 2006 res
688 1949 817 2006 secundd
838 1949 928 2026 gessit
949 1950 1064 2008 lortund
1076 1970 1083 2020 ;

174 2044 314 2102 maximas
329 2042 617 2117 bellicosissimasque
631 2054 733 2118 gentes
748 2037 871 2119 subegit,
882 2043 975 2119 equis,
986 2045 1084 2118 armis,

175 2138 252 2211 viris,
266 2137 402 2214 pecunia,
416 2148 506 2196 totam
526 2137 710 2213 locupletavit
731 2137 871 2195 Africam.
912 2137 972 2196 Hic
995 2158 1084 2214 quum

175 2233 205 2289 in
232 2232 345 2291 Italiam
371 2232 477 2289 bellum
499 2232 604 2299 inferre
618 2232 814 2304 meditaretur,
838 2251 916 2290 nono
929 2231 1085 2309 annopdst

115 2326 156 2386 20
174 2325 260 2402 quam
275 2326 304 2384 in
317 2325 489 2400 Hispaniam
510 2336 637 2397 venerat,
660 2325 690 2382 in
715 2326 815 2400 proelio
835 2344 969 2402 pugnans
986 2328 1086 2385 adrer-

175 2419 225 2477 sds
239 2419 378 2476 Vettones
392 2419 507 2477 occisus
521 2429 572 2476 est.
615 2418 711 2494 Hujus
724 2432 894 2495 perpetuum
902 2418 1000 2478 odium
1014 2440 1085 2498 erga

175 2513 325 2571 Romanos
336 2511 461 2570 maxime
476 2513 640 2571 concitasse
654 2514 766 2572 videtur
790 2515 951 2572 secundum
974 2513 1083 2573 bellum

175 2608 336 2666 Poenicum.
377 2607 511 2683 Namque
526 2608 685 2681 Hannibal,
700 2609 776 2667 filius
797 2609 870 2684 ejus,
886 2608 1009 2667 assiduis
1032 2628 1084 2686 pa·

174 2702 226 2762 tris
239 2701 478 2760 obtestationibus
505 2701 541 2759 ed
568 2713 613 2760 est
630 2703 797 2778 perductus,
811 2716 843 2763 ut
858 2703 984 2777 interire,
997 2692 1085 2779 qadm

115 2800 157 2860 25
176 2800 328 2858 Romanos
342 2814 400 2853 non
415 2796 550 2872 experiri,
564 2797 670 2856 mallet.

398 3179 519 3237 xxttt.
561 3179 861 3241 HANNIBAL.

229 3369 252 3426 I.
294 3368 459 3442 Hannibal,
487 3367 670 3427 Hamilcaris
694 3369 792 3446 filias,
822 3371 1088 3449 Ombugr‘m‘crrsa's.

176 3463 209 3521 Si
221 3481 319 3520 rerum
330 3475 383 3536 cst,
398 3464 474 3540 quod
488 3482 574 3521 nemo
584 3463 706 3537 dubitat,
731 3476 763 3522 ut
786 3467 909 3542 populus
933 3468 1090 3533 hmanas

175 3574 277 3615 ornnes
296 3568 398 3632 gentes
424 3557 528 3616 virtute
553 3557 704 3633 superarit,
728 3578 787 3618 non
814 3573 859 3620 est
885 3562 1088 3642 inficiandum,
