2392 4132
541 369 721 420 DA'l'AMES.

179 529 266 587 etiam
281 540 390 604 torque,
404 530 566 588 etarmillis
581 531 686 603 aureis,
709 542 870 605 ceteroque
894 530 975 607 regio
990 533 1090 604 cultu;

178 625 239 702 ipse
254 625 361 700 agresti
374 623 484 700 duplici
499 625 623 684 amiculo
637 625 844 698 circumdatus,
869 625 1002 701 hirtdque
1017 630 1092 687 tuni·

178 720 225 791 cd,
240 739 344 796 gerens
364 718 394 775 in
417 719 511 795 capite
533 720 646 795 galeam
670 719 857 792 venatoriam,
880 721 981 779 dextri
1004 743 1092 781 mann

178 804 300 887 clavam,
313 813 429 871 sinistri
443 814 587 890 copulam,
602 815 659 892 qud
676 814 804 872 vinctum
828 827 895 873 ante
918 835 949 873 se
972 816 1091 893 Thyum

138 911 158 966 5
179 909 293 985 agebat,
317 920 348 966 ut
370 908 394 965 si
419 909 508 965 feram
537 909 658 967 bestiam
682 921 797 985 captam
821 910 950 968 duceret.
991 911 1091 973 Quem

179 1023 267 1078 quum
297 1022 399 1060 omnes
426 1003 624 1078 prospicerent
650 1016 764 1080 propter
789 1005 946 1062 novitatem
972 1007 1091 1066 ornatius

179 1097 363 1174 ignotamque
378 1099 509 1170 sormam,
523 1099 560 1156 ob
574 1117 695 1173 eamque
709 1118 770 1156 rem
784 1118 908 1175 magnus
926 1112 1005 1158 esset
1025 1121 1092 1160 con·

179 1211 281 1250 cursus
293 1213 299 1262 3
322 1193 375 1250 fuit
388 1212 447 1249 non
461 1212 557 1265 nemo,
572 1193 621 1269 qui
636 1205 807 1270 agnosceret
815 1181 944 1270 Thyum,
956 1193 1091 1272 Regique

178 1288 334 1346 nuntiaret.
370 1286 467 1344 Primd
479 1306 539 1346 non
549 1288 718 1347 accredidit.
752 1287 1106 1363 ltaquePharnabazum'

123 1383 160 1442 10
179 1383 258 1441 misit
285 1383 472 1457 exploratum.
523 1383 552 1441 A
579 1401 636 1458 quo
662 1394 695 1441 ut
721 1403 782 1440 rem
806 1395 917 1460 gestam
942 1384 1091 1460 comperit,

179 1478 275 1536 statim
283 1476 403 1534 'admitti
421 1477 517 1553 jussit,
532 1497 707 1555 magnopere
722 1479 884 1536 delectatus
902 1498 991 1553 quum
1006 1481 1092 1551 sacto,

179 1584 240 1631 tum
254 1584 376 1642 ornatu;
399 1571 540 1647 imprimis
561 1571 638 1647 qudd
664 1572 769 1630 nobilis
793 1592 845 1630 rex
869 1572 900 1628 in
921 1583 1092 1648 potestatem

180 1667 343 1744 inopinanti
357 1677 483 1724 venerat.
526 1666 628 1742 Itaque
650 1664 806 1742 magnific&
829 1665 984 1724 Datamem
1006 1667 1093 1724 dona·

180 1775 240 1820 tum
263 1764 299 1819 ad
322 1761 483 1819 exercitum
505 1761 593 1833 misit,
618 1761 666 1837 qui
689 1773 750 1818 tum
772 1760 997 1818 contrahebatur
1019 1761 1093 1817 duce

124 1859 161 1915 15
181 1856 372 1915 Pharnabazo
386 1867 414 1912 et
429 1855 599 1913 Tithrauste
614 1856 651 1911 ad
662 1856 770 1912 bellum
783 1854 964 1930 AEgyptium,
975 1854 1093 1930 parique

180 1971 257 2022 eum,
273 1962 357 2024 atque
371 1949 445 2021 illos,
460 1948 580 2024 imperio
593 1968 657 2006 esse
672 1949 765 2024 jussit.
807 1948 912 2007 Postea
926 1947 993 2007 verb
1008 1946 1093 2024 qudm

181 2044 403 2102 Pharnabazum
419 2042 488 2100 Rex
501 2042 656 2115 revocavit,
671 2043 712 2101 illi
727 2062 840 2101 summa
858 2042 972 2119 imperii
990 2042 1095 2100 tradita

181 2150 233 2198 est.

220 2233 273 2291 IV.
316 2233 376 2290 Hic
390 2253 478 2308 quum
489 2232 615 2290 maximo
626 2233 723 2291 studio
732 2244 914 2308 compararet
924 2231 1094 2302 exercitum,

122 2329 162 2387 20
182 2329 397 2411 AEgyptumque
411 2327 555 2403 proficisci
577 2339 701 2403 pararet,
724 2326 819 2386 subitd
844 2346 861 2385 a
884 2327 970 2404 Rege
994 2326 1095 2385 littere

182 2433 249 2479 sunt
263 2421 291 2478 ei
305 2421 410 2492 missae,
425 2432 457 2478 ut
481 2420 585 2496 Aspim
610 2423 826 2498 aggrederetur,
850 2423 900 2497 qui
924 2421 1095 2480 Cataoniam

89 2534 92 2541 ·
182 2517 313 2574 tenebat:
335 2535 399 2591 quae
413 2535 486 2592 gens
497 2515 577 2591 jacet
596 2536 682 2592 supra
704 2518 850 2589 Ciliciam,
873 2515 997 2577 confinis
1021 2515 1096 2591 Cap-

181 2610 318 2686 padociae.
361 2610 495 2686 Namque
524 2611 622 2687 Aspis,
646 2614 801 2671 saltuosam
823 2612 972 2687 regionem
995 2611 1097 2668 castel·

181 2705 273 2779 lisque
287 2705 428 2762 munitam
443 2705 585 2777 incolens,
598 2725 656 2763 non
672 2704 763 2763 solium
779 2706 900 2782 imperio
920 2704 1016 2781 Regis
1038 2724 1096 2763 non

122 2802 162 2860 25
181 2801 309 2877 parebat,
324 2799 477 2856 sedetiam
500 2798 637 2857 finitimas
658 2800 792 2876 regiones
816 2799 949 2872 vexabat,
971 2809 1012 2872 et,
1033 2816 1096 2875 qun

181 2896 260 2973 Regi
287 2905 478 2971 portarentur,
511 2893 679 2969 abripiebat.
735 2894 884 2966 Datames,
919 2893 975 2950 etsi
1010 2890 1096 2969 longd

182 2993 280 3049 aberat
295 2992 331 3048 ab
343 2991 389 3047 his
402 2988 580 3065 regionibus,
595 3000 623 3047 et
644 3009 660 3046 a
678 2990 787 3066 majore
811 3009 842 3047 re
867 2987 1097 3058 abstrahebatur,

107 3081 109 3084 Α
183 3098 280 3144 tamen
290 3085 383 3160 Regis
394 3083 534 3142 voluntati
545 3103 654 3141 morem
664 3084 823 3160 gerendum
834 3082 953 3159 putavit.
996 3081 1098 3156 Itaque

80 3238 83 3243 ,
183 3197 250 3235 cum
261 3178 372 3253 paucis,
388 3177 440 3234 sed
454 3176 523 3234 viris
534 3178 665 3249 sortibus,
687 3197 790 3235 navem
812 3176 1003 3236 conscendit:
1024 3175 1100 3233 exis·

47 3288 50 3293 ·
123 3271 163 3328 30
183 3270 288 3328 timaus
303 3269 346 3344 (id
360 3270 436 3344 quod
453 3270 574 3349 accidit)
590 3270 704 3329 facilids
719 3292 749 3329 se
772 3272 988 3348 imprudentem
1010 3270 1099 3347 parvi

183 3381 271 3422 manu
297 3383 511 3439 oppressurum,
538 3363 625 3440 qualrn
660 3379 802 3442 paratum,
830 3364 961 3441 qudmris
988 3385 1100 3441 magno

182 3457 321 3516 exercitu.
364 3458 431 3516 lldc
445 3459 559 3518 delatus
573 3459 603 3517 in
619 3459 766 3533 Ciliciam,
781 3480 915 3538 egressus
937 3461 1017 3532 inde,
1037 3461 1101 3518 dies

184 3561 342 3628 noctesque
356 3551 410 3611 iter
424 3553 546 3628 faciens,
560 3554 694 3612 Taurum
706 3556 830 3628 transiit,
844 3553 937 3631 eoque
961 3553 1020 3631 qud
1042 3567 1101 3615 stu·
