2392 4132
468 302 647 360 EUMENES.
1041 302 1081 363 85

113 463 192 543 fumo
205 477 363 524 castrorum
377 467 440 542 ejus
461 468 587 544 suspicio
611 469 697 527 allata
721 482 765 529 est
790 471 826 527 ad
848 471 1021 543 Eumenem,

112 562 223 619 hostem
251 562 488 638 appropinquare.
530 563 717 622 Conveniunt
741 566 853 636 duces;
875 566 1019 640 quaeritur,

110 656 180 730 quid
192 657 310 731 opussit
323 656 408 714 facto.
450 657 657 732 Intelligebant
677 678 789 732 omnes,
811 671 870 717 tam
889 660 1020 718 celeriter

111 751 209 824 copias
234 751 360 827 ipsorum
387 751 520 809 contrahi
546 771 604 809 non
631 772 725 828 posse,
747 752 834 830 quam
854 754 1021 831 Antigonus

111 846 262 903 adfuturus
289 847 447 904 videbatur.
502 844 563 903 ch
599 847 734 904 omnibus
758 849 958 921 titubantibus,
991 850 1060 907 et5

111 940 147 997 de
174 941 260 998 rebus
287 941 407 998 summis
434 941 664 1016 desperantibus,
691 943 838 1000 Eumenes
863 944 912 1016 ait,
936 944 1020 1001 sice·

111 1035 252 1093 lenitatem
267 1036 356 1093 velint
369 1036 516 1108 adhibere,
532 1048 561 1093 et
573 1035 712 1112 imperata
726 1039 832 1110 facere,
854 1039 930 1113 quod
952 1036 1019 1097 ante

112 1150 169 1189 non
194 1131 325 1204 fecerint,
350 1150 470 1189 serem
496 1131 705 1207 expediturum.
755 1132 833 1190 Nam
860 1131 937 1209 quod
961 1133 1020 1190 dic·

112 1226 165 1283 bus
191 1227 317 1302 quinque
344 1227 434 1284 hostis
467 1225 604 1284 transisse
639 1239 746 1303 posset,
774 1247 805 1285 se
839 1229 1019 1301 effecturum,

112 1334 144 1380 ut
172 1341 231 1380 non
258 1319 355 1379 minus
380 1321 499 1380 totidem
526 1322 638 1379 dierum
673 1322 765 1397 spatio
800 1324 1010 1381 retardaretur:
1042 1323 1078 1380 10

110 1436 198 1492 quare
210 1417 407 1489 circumirent,
419 1436 485 1474 suas
497 1416 618 1492 quisque
629 1417 728 1493 copias
738 1419 928 1476 contraheret.
970 1417 1019 1474 Ad

112 1512 255 1588 Antigoni
276 1524 372 1569 autem
395 1512 600 1569 refrenandum
626 1512 776 1587 impetum,
791 1512 848 1569 tale
863 1512 939 1587 capit
953 1531 1021 1569 con·

110 1608 216 1665 silium.
257 1607 360 1666 Certos
374 1607 461 1666 mittit
476 1608 607 1665 homines
632 1608 668 1664 ad
693 1606 807 1665 infimos
825 1619 948 1678 montes,
971 1606 1020 1681 qui

109 1704 186 1761 obvii
205 1715 287 1762 erant
306 1703 403 1761 itineri
425 1703 668 1761 adversariorum:
698 1702 799 1778 hisque
824 1702 963 1778 precipit,
988 1713 1020 1759 nt

109 1798 202 1875 prima
216 1811 312 1871 nocte,
327 1796 413 1874 qudm
424 1796 564 1856 latissime
576 1798 696 1875 possint,
709 1798 792 1874 ignes
807 1797 914 1855 saciant
932 1795 1017 1872 qudm
1041 1798 1078 1854 15

110 1894 260 1966 maximos,
288 1904 371 1968 atque
399 1893 451 1951 hos
477 1894 608 1950 secunda
639 1893 736 1969 vigilia
768 1892 910 1965 minuant,
935 1893 1019 1950 tertid

109 1989 280 2065 perexiguos
294 1989 433 2046 reddant:
454 1999 484 2045 et
508 1988 673 2045 assimulata
687 1999 845 2045 castrorum
867 1999 1020 2044 consuetu-

110 2085 177 2142 dine
192 2083 386 2159 suspicionem
400 2082 534 2158 injiciant
547 2083 686 2154 hostibus,
701 2082 746 2138 his
757 2082 828 2139 locis
839 2101 902 2138 esse
914 2093 1018 2152 castra,

111 2196 145 2237 ac
159 2179 195 2235 de
219 2196 319 2235 eorum
342 2177 468 2234 adventu
488 2176 729 2252 praenuntiatum
751 2176 883 2250 idemque
906 2176 1019 2251 postera

110 2285 195 2332 nocte
209 2272 327 2331 saciant.
367 2272 486 2333 Quibus
500 2271 671 2347 imperatum
685 2282 756 2343 erat,
775 2270 928 2346 diligenter
949 2290 1020 2346 pra·
1038 2272 1078 2329 20

110 2380 225 2444 ceptum
249 2377 361 2425 curant.
416 2366 592 2442 Antigonus,
621 2365 748 2424 tenebris
784 2365 901 2436 obortis,
937 2365 1020 2441 ignes

110 2464 311 2540 conspicatur:
343 2461 436 2519 credit
460 2461 496 2517 de
521 2480 573 2518 suo
595 2462 719 2518 adventu
743 2479 807 2518 esse
830 2460 970 2532 auditum,
991 2471 1021 2518 et

111 2556 286 2616 adversarios
300 2557 370 2615 illuc
383 2576 450 2614 suas
464 2555 641 2614 contraxisse
656 2555 762 2631 copias.
804 2554 901 2612 Mutat
912 2554 1017 2612 consil-

111 2654 181 2728 ium,
195 2665 234 2726 et,
248 2653 385 2729 quoniam
399 2652 597 2728 imprudentes
611 2649 716 2708 adoriri
729 2669 788 2708 non
802 2662 908 2725 posset,
930 2649 1020 2708 flectit

110 2748 164 2807 iter
187 2767 284 2820 suum,
299 2759 328 2805 et
352 2747 433 2804 illurn
462 2748 624 2804 anfractum
646 2746 804 2822 longiorem
829 2745 952 2820 copiosa
966 2745 1019 2800 via
1038 2745 1078 2803 25

111 2844 207 2920 capit;
237 2843 334 2918 ibique
358 2842 435 2899 diem
463 2861 554 2898 unum
580 2841 736 2917 opperitur,
759 2842 795 2896 ad
820 2838 1019 2897 lassitudinem

111 2938 268 2998 sedandam
282 2937 405 2996 militum
422 2957 457 2995 ac
471 2936 629 2994 reficienda
640 2935 782 3010 jumenta,
793 2931 850 3008 qud
866 2932 1020 3008 integriore

110 3035 241 3094 exercitu
255 3035 434 3092 decerneret.

148 3131 187 3189 X.
230 3131 282 3188 Sic
300 3130 447 3187 Eumenes
471 3127 609 3185 callidum
633 3126 835 3201 imperatorem
859 3123 928 3181 vicit
952 3142 1020 3181 con-

110 3226 183 3300 silio,
198 3225 433 3299 celeritatemque
448 3222 596 3299 impedivit
617 3222 696 3298 ejus;
718 3239 811 3295 neque
833 3232 930 3278 tamen
949 3220 1021 3277 mul·
1040 3220 1080 3279 3⁰

109 3319 171 3382 tdm
184 3320 314 3399 profecit.
357 3319 434 3377 Nam
454 3319 562 3376 invidia
586 3319 703 3389 ducum,
729 3335 795 3374 curn
820 3316 924 3391 quibus
947 3328 1020 3389 erat,

109 3417 286 3494 perfidiaque
303 3414 454 3494 [militurn]
478 3415 674 3472 Macedonum
698 3424 908 3484 veteranorum,
932 3431 1020 3487 quum

109 3512 239 3591 rupenor
251 3512 354 3590 proelio
366 3510 557 3584 discessisset,
572 3510 721 3587 Antigono
734 3520 778 3566 est
792 3508 917 3580 deditus,
932 3525 1020 3584 quum

312 3607 334 3668 8
