2392 4132
482 342 703 394 Timotheus.
1067 330 1108 391 38

141 501 290 583 Philippus
300 506 360 583 jam
380 505 550 563 tumralens
569 502 722 582 [Macedo]
749 503 840 561 multa
860 501 1048 562 moliebatur:

139 601 188 660 cui
200 599 349 678 oppositus
362 599 475 659 Chares
487 619 577 676 quum
590 609 676 671 esset,
691 617 750 656 uon
764 594 835 657 satis
849 597 879 655 in
900 615 937 656 eo
953 597 1049 675 praesi-

92 748 98 759 .
138 696 179 755 dii
192 696 356 774 putabatur.
399 694 448 753 Fit
462 694 652 753 Menestheus
664 703 778 771 pretor,
790 692 867 752 iilius
882 692 1048 770 Iphicratis,

138 810 228 869 gener
242 789 402 863 Timothei,
415 800 455 861 et,
470 800 502 847 ut
517 790 553 847 ad
567 789 674 846 bellurn
694 788 903 865 proficiscatur,
918 788 1050 848 decerui-

138 896 193 944 tur.
236 884 316 942 Huic
331 883 361 941 in
382 882 536 941 consilium
559 883 665 940 dantur
690 883 747 940 duo
772 902 826 940 usu
850 883 1089 960 sapientiaquso

139 991 317 1056 prestantes,
341 997 462 1053 quorum
484 977 606 1036 consilio
627 988 765 1050 uteretur,
792 989 873 1054 pater
896 990 926 1037 et
949 999 1048 1039 socer:

137 1073 216 1151 quod
232 1074 261 1132 in
276 1075 321 1132 his
334 1084 416 1132 tanta
429 1085 490 1132 erat
505 1072 670 1144 auctoritas,
690 1083 722 1131 ut
746 1091 852 1150 magua
873 1093 939 1150 spes
962 1088 1048 1147 esset,

138 1189 189 1247 per
203 1190 252 1229 eos
266 1169 373 1228 amissa
385 1188 479 1246 posse,
488 1167 660 1244 recuperari.
703 1167 746 1225 Hi
755 1186 843 1242 quum
858 1169 977 1227 Samum
987 1190 1050 1246 pro·

139 1265 208 1323 lecti
221 1274 329 1336 esseut,
344 1275 373 1321 et
387 1261 492 1321 eddem
505 1262 628 1336 Chares,
648 1263 774 1321 adventu
797 1282 897 1322 eorum
920 1265 1047 1342 cognito,

139 1378 206 1418 cum
221 1359 281 1417 suis
295 1358 387 1435 copiis
400 1358 640 1435 proficisceretur,
652 1377 690 1416 ne
704 1359 773 1433 quid
796 1360 915 1419 absente
937 1380 968 1419 se
984 1381 1048 1438 ges-
1069 1363 1107 1421 lu

138 1453 375 1523 tumaideretu13
398 1453 515 1526 accidit,
529 1472 618 1529 quum
634 1453 671 1510 ad
693 1453 818 1511 insulam
841 1456 1048 1532 appropinqua·

139 1562 213 1621 rent,
227 1560 259 1606 ut
283 1568 390 1625 magna
410 1561 567 1625 tempestas
590 1548 730 1619 oriretur;
752 1568 838 1624 quam
861 1551 968 1609 evitare
991 1552 1048 1610 duo

43 1681 47 1687 -
140 1656 250 1703 veteres
260 1643 447 1720 imperatores
457 1643 528 1702 utile
539 1643 679 1716 arbitrati,
691 1663 773 1701 suarn
785 1645 907 1702 classem
918 1664 1050 1721 suppres-

33 1756 36 1761 ’
139 1752 246 1798 serunt.
288 1740 329 1797 At
344 1739 391 1796 ille
411 1738 566 1797 temerarii
586 1757 656 1796 usus
680 1740 791 1797 ratione
812 1757 870 1798 non
890 1740 977 1798 cessit
991 1759 1050 1798 me·

137 1835 231 1912 jurum
245 1846 316 1893 natu
331 1833 505 1906 auctoritati,
520 1845 559 1906 ct,
569 1845 601 1892 ut
611 1833 636 1892 si
648 1833 677 1892 in
686 1834 739 1892 sua
748 1833 814 1892 navi
822 1847 899 1894 esset
907 1834 1047 1909 Fortuna,
1071 1838 1109 1896 tt

138 1928 195 2006 qud
210 1930 409 2002 contenderat,
422 1929 570 2005 pervenit:
591 1927 751 2006 eisdemque
763 1942 795 1990 ut
803 1944 1001 2007 sequerentur,
1013 1932 1048 1989 ad

139 2025 325 2084 Timotheum
341 2036 371 2083 et
384 2024 561 2100 Iphicratem
585 2025 718 2083 nuntium
743 2025 829 2083 misit.
871 2026 951 2084 Hinc
973 2024 1048 2086 male

139 2121 274 2198 regesti,
289 2120 485 2196 compluribus
499 2119 611 2178 arnissis
624 2120 756 2192 naribus,
771 2118 885 2194 elidem,
899 2123 977 2179 unde
988 2134 1050 2182 erat

138 2217 293 2292 profectus,
309 2235 339 2273 se
353 2213 474 2291 recepit,
488 2215 653 2290 litterasque
668 2216 801 2273 Athenas
824 2215 941 2291 publicai
961 2217 1049 2290 misit,

138 2311 194 2368 sibi
207 2311 334 2387 proclive
348 2310 437 2368 fuisse
453 2311 572 2368 Samum
587 2330 701 2386 capere,
724 2310 780 2368 nisi
803 2331 820 2369 a
843 2310 1001 2371 Timotheo
1020 2324 1050 2370 et
1067 2312 1109 2371 eu

140 2403 286 2482 lphicrate
299 2406 431 2464 desertus
445 2416 528 2464 esset.
573 2403 635 2482 [Ob
646 2425 711 2463 eam
725 2426 785 2464 rem
801 2406 831 2463 in
845 2406 955 2464 crimen
967 2426 1050 2465 voca·

139 2501 267 2581 bantur]
311 2501 438 2578 Populus
453 2521 529 2574 acer,
545 2501 689 2578 suspicax,
712 2502 836 2574 mobilis,
860 2502 1049 2574 adversarius,

140 2597 254 2655 invidus
280 2597 368 2655 etiarn
395 2597 542 2673 potentia,
567 2598 684 2655 domum
711 2609 846 2655 revocat:
876 2610 1050 2656 accusantur

139 2691 317 2768 proditionis.
360 2691 426 2751 Hoc
451 2691 562 2768 judicic
582 2693 736 2751 damnatur
760 2692 944 2765 Timotheus,
959 2693 1050 2769 lisque

139 2786 202 2864 ejus
215 2789 373 2847 estimatur
387 2800 505 2847 centum
519 2789 644 2848 talentis.
685 2788 740 2848 Ille
753 2789 820 2848 odic
843 2790 963 2865 ingratae
983 2789 1050 2846 oiri·
1069 2790 1111 2848 ‘25

101 2880 103 2884 ⁴
139 2881 206 2940 tatis
220 2894 349 2956 coactus,
363 2883 535 2942 Chalcidem
550 2904 581 2941 se
596 2884 726 2941 contulit.

178 2975 232 3033 IV.
274 2977 371 3053 Hujus
384 2989 448 3053 post
462 2990 583 3036 mortem
607 2996 696 3052 quum
720 2979 857 3053 populum
877 2977 981 3052 judicii
1006 2978 1052 3036 sui

63 3088 69 3097 ·
137 3070 301 3144 poeniteret,
316 3073 412 3130 multae
427 3092 530 3130 novem
541 3083 636 3149 partes
648 3071 780 3145 detraxit,
791 3083 819 3130 et
831 3072 932 3129 decem
944 3072 1053 3132 talenta

138 3163 291 3224 Cononem
306 3166 396 3224 filiurn
411 3167 475 3242 ejus
489 3168 525 3224 ad
540 3167 615 3224 muri
629 3168 774 3242 quandam
789 3177 899 3242 partem
920 3167 1051 3226 reficien-

139 3258 206 3318 daur
232 3260 318 3337 jussit
346 3262 423 3318 dare.
478 3260 514 3318 In
542 3281 598 3336 quo
622 3263 743 3320 sortunae
771 3262 893 3320 varietas
920 3275 964 3321 est
992 3263 1052 3320 ani·
1071 3263 1111 3320 80

140 3356 299 3414 madversa.
349 3356 428 3415 Nam
454 3376 526 3432 quos
553 3375 622 3414 avus
650 3357 753 3416 Conon
781 3377 878 3416 muros
902 3378 937 3415 ex
965 3358 1053 3417 hosti·

141 3467 190 3508 um
203 3451 302 3528 praedd
315 3451 416 3528 patriae
429 3450 603 3524 restituerat,
614 3452 731 3511 eosdem
745 3471 845 3528 nepos,
860 3473 927 3511 curn
938 3453 1053 3511 summi

141 3542 302 3622 ignominia
321 3545 448 3620 familie,
464 3565 500 3606 ex
522 3545 576 3605 sud
599 3565 630 3605 re
646 3546 779 3605 familiari
799 3547 919 3606 reficere
933 3560 1052 3606 coactus
1128 3605 1130 3608 ,

336 3641 357 3698 5
370 3639 388 3675 0
