2392 4132
111 342 151 400 72
519 349 731 401 haesimus.

169 510 261 588 prima
274 511 448 587 phalangem
464 510 616 585 prostravit
638 509 798 566 Laeonum.
840 508 986 567 Omnibus
1009 527 1081 587 prus·

169 618 248 664 terea
261 605 397 682 perieulis
410 605 509 663 adfuit.
551 604 635 662 Siout
650 605 784 679 Spartam
794 623 882 679 quum
890 605 1080 680 oppugnarit,

170 702 290 758 alterum
304 701 397 759 tenuit
411 719 521 758 cornu:
543 698 657 775 quilque
672 698 810 756 Messena
823 699 947 757 eelerilrs
967 700 1081 758 restitu-

169 807 274 868 eretur,
289 796 402 871 legatus
419 795 448 852 in
471 795 575 852 Persas
599 805 643 852 est
666 794 820 870 profectus.
862 793 996 869 Denique
1017 795 1080 853 haeo

129 891 149 946 5
170 889 223 948 fuit
238 891 326 948 altera
339 909 463 966 persona
477 889 600 962 Thebis,
625 888 676 946 sed
701 899 798 946 tamen
820 889 950 946 secunda
974 890 1024 962 ita,
1048 903 1081 949 ut

168 985 299 1059 proxima
312 997 388 1043 esset
401 984 620 1061 Epaminondae.

209 1080 245 1135 V.
295 1079 486 1136 Conflictatus
514 1090 610 1136 autem
639 1089 684 1135 est
711 1096 778 1133 eum
806 1077 926 1134 adversa
953 1077 1077 1136 sortund.

167 1172 245 1230 Nam
259 1185 289 1230 et
302 1173 394 1245 initio,
410 1172 485 1231 sieut
498 1172 687 1245 ostendimus,
711 1172 778 1229 exul
799 1172 893 1247 patria
916 1173 1029 1231 caruit:
1051 1185 1080 1231 et

168 1287 256 1342 quum
275 1267 461 1324 Thessaliam
484 1267 514 1323 in
536 1277 707 1344 potestatem
730 1266 940 1324 Thebanorum
961 1279 1082 1342 cuperet

112 1363 150 1422 10
170 1363 311 1438 redigere,
325 1361 535 1438 legationisque
546 1362 611 1438 juro
625 1360 696 1419 satis
709 1372 819 1419 tectum
833 1380 864 1419 se
884 1361 1081 1435 arbitraretur,
1115 1347 1119 1354 ¹

169 1457 245 1531 quod
267 1457 342 1532 apud
364 1475 465 1514 omnes
490 1467 593 1532 gentes
615 1467 748 1535 sanetum
771 1474 836 1512 esse
860 1455 1040 1528 consuesset,
1065 1475 1082 1515 a

169 1563 292 1625 tyranno
314 1551 482 1608 Alexandro
510 1550 630 1608 Pheraeo
651 1550 736 1608 simul
761 1569 829 1607 oum
851 1548 980 1607 Ismenida
1004 1570 1083 1609 eom·

169 1647 339 1723 prehensuS,
351 1646 381 1704 in
395 1646 512 1703 vincula
525 1646 676 1721 conjectus
697 1657 749 1703 est.
792 1645 882 1702 Hune
906 1644 1083 1721 Epaminon·

169 1742 221 1799 das
235 1741 425 1817 recuperavit,
441 1742 516 1800 bello
529 1761 705 1817 persequens
720 1740 929 1799 Alexandrum.
971 1742 1042 1801 Post
1052 1743 1081 1801 id

112 1837 150 1893 15
171 1837 289 1909 laetum,
303 1855 452 1911 nunquam
467 1836 491 1893 is
505 1837 601 1894 animo
612 1836 721 1912 placari
733 1835 827 1912 potuit
848 1835 878 1892 in
901 1855 980 1909 eum,
996 1856 1082 1913 aquo

168 1944 231 1989 erat
251 1932 380 1989 violatus
422 1931 525 2006 Itaque
548 1930 691 2006 persuasit
716 1929 878 2003 Thebanis,
899 1942 932 1991 ut
953 1931 1083 1999 subsidio

170 2025 330 2083 Thessaliae
357 2024 619 2101 proficiscerentur,
647 2036 841 2100 tyrannosque
868 2024 931 2100 ejus
955 2026 1081 2101 expelle·

169 2132 242 2178 rent.
284 2119 376 2196 Cujus
403 2120 472 2177 belli
498 2139 587 2195 quum
608 2120 637 2177 ei
660 2138 773 2177 summa
794 2130 871 2177 esset
894 2120 973 2193 data,
989 2120 1082 2196 abque

169 2235 237 2273 oum
251 2216 380 2274 exercitu
400 2217 547 2291 profectus
569 2227 655 2288 esset,
678 2234 736 2273 non
761 2214 913 2288 dubitavit,
937 2215 1024 2273 simul
1047 2235 1082 2275 ue

109 2311 151 2369 20
171 2312 322 2386 conspexit
337 2312 458 2384 hostem,
483 2311 649 2387 confligere.
691 2310 727 2367 In
751 2329 808 2385 quo
832 2310 933 2387 proelio
954 2312 1083 2369 Alexan·

170 2406 253 2463 drum
268 2416 300 2463 ut
314 2405 525 2478 animadvertit,
541 2406 679 2463 incensus
690 2405 733 2463 ird
746 2424 852 2480 equum
867 2404 897 2463 in
922 2424 989 2463 eum
1014 2426 1082 2465 eon·

169 2500 278 2573 citavit,
305 2501 462 2576 proculque
487 2501 640 2577 degressus
665 2500 774 2572 astris,
799 2500 934 2576 conjectu
959 2501 1083 2559 telorum

169 2596 319 2653 oonsossus
333 2596 469 2655 concidit.
512 2598 609 2672 Atque
624 2596 679 2655 hoe
694 2596 824 2654 secundat
835 2595 955 2653 victorii
964 2595 1081 2667 aeoidit

169 2689 247 2747 Nam
271 2689 332 2766 jam
359 2690 506 2748 inelinatae
533 2702 616 2749 erant
643 2703 831 2765 tyrannorum
857 2689 957 2764 copisa.
1009 2691 1082 2753 Quo

108 2787 149 2845 25
170 2786 256 2857 facto,
270 2804 371 2842 omnes
385 2784 547 2842 Thessaliae
565 2784 697 2842 civitates
712 2784 896 2842 interfectum
908 2784 1077 2860 Pelopidam

168 2879 283 2939 oomnis
307 2879 401 2937 aureis
425 2891 455 2938 et
478 2879 581 2938 statuis
605 2876 704 2952 eneis,
719 2878 881 2954 liberosque
904 2878 968 2954 ejus
992 2880 1082 2939 multo

169 2996 247 3053 agro,
262 2975 415 3035 dondrunt.

510 3140 733 3156 ψ

393 3287 495 3346 xvii.
536 3265 853 3345 lussrnutis.

208 3453 233 3511 I.
274 3453 445 3528 Agesilaus,
460 3455 705 3528 Lacedoemonius,
719 3473 809 3530 quum
823 3473 841 3511 a
854 3453 968 3512 caeteris
992 3454 1081 3531 serip-

180 3548 289 3621 oribus,
303 3559 364 3606 tum
378 3547 484 3608 eximie
499 3569 517 3608 a
530 3550 728 3626 Xenophonte
737 3548 888 3609 Socratico
898 3549 1080 3609 collaudatus
