2392 4132
351 299 382 349 Τ.
399 298 606 350 POMPONIUS
623 300 786 351 svmens.
1024 295 1082 351 115

152 456 208 513 IX.
261 457 401 515 Secutum
427 469 472 516 est
498 459 605 516 bellum
631 471 744 534 gestum
769 459 845 534 apud
868 458 1021 518 Mutinam.

112 549 149 608 In
164 570 220 625 quo
234 551 258 608 si
272 550 384 609 tantum
405 571 472 609 eum
495 553 666 626 prudentem
691 553 797 625 dicam,
819 552 915 611 minus
935 552 1021 628 qudm

111 636 245 717 debeam,
265 647 430 721 praedioem,
444 666 533 721 quum
547 647 595 704 ille
616 645 713 722 potiris
735 647 849 705 divinus
873 649 974 719 fuerit;
997 650 1020 707 si

111 740 250 799 divinatio
265 743 435 817 appellanda
448 754 493 800 est
506 754 644 818 perpetua
657 743 795 800 naturalis
815 743 935 816 bonitas,
957 764 1020 819 quae

111 835 198 892 nullis
225 836 341 894 casibus
367 856 461 912 neque
486 836 590 912 egitur,
611 856 705 912 neque
732 837 879 896 minuitur.
920 839 1061 898 Hostis5

111 930 258 988 Antonius
282 932 430 1006 judicatus
457 930 544 989 Italis
578 943 725 1001 cesserat;
760 951 826 1007 spes
851 933 1021 991 restituendi

111 1027 191 1082 nulla
217 1036 287 1083 erat.
328 1025 398 1083 Non
425 1023 518 1083 solium
544 1025 607 1100 ejus
634 1025 756 1098 inimici,
782 1026 832 1100 qui
858 1038 1022 1084 tumerent

110 1119 301 1196 potentissimi
315 1132 344 1178 et
365 1120 491 1195 plurimi,
515 1121 566 1178 sed
587 1119 674 1178 etiam
696 1120 744 1195 qui
769 1121 937 1179 adversariis
958 1123 1021 1198 ejus

110 1216 274 1287 sedabant,
295 1215 375 1273 etin
400 1235 435 1273 eo
457 1215 589 1273 laedendo
614 1235 644 1272 se
667 1215 791 1289 aliquam
815 1228 1021 1273 consecuturos

111 1311 266 1385 sperabant
280 1311 572 1382 commendationem,
586 1310 710 1368 Antonii
724 1311 879 1369 familiares
890 1312 1021 1387 inseque·
1042 1312 1079 1370 10

111 1406 226 1478 bantur,
241 1425 358 1463 uxorem
374 1405 507 1462 Fulviam
520 1405 655 1463 omnibus
669 1406 755 1462 rebus
779 1405 901 1480 spoliare
925 1407 1022 1481 supie-

111 1501 203 1570 bant3
238 1501 344 1559 liberos
380 1501 467 1558 etiam
504 1501 674 1576 extinguere
700 1501 848 1577 parabant.
903 1501 1020 1558 Attious

110 1595 365 1675 quum-Cioeronis
380 1595 481 1653 intima
504 1595 698 1653 familiaritate
723 1606 860 1666 uteretur,
883 1595 1021 1652 amicissi-

110 1709 176 1747 mus
193 1701 269 1748 esset
282 1691 386 1760 Bruto;
407 1709 466 1747 non
480 1687 566 1747 modd
581 1689 653 1746 nihil
678 1689 713 1746 iis
730 1689 849 1747 indulsit
871 1690 907 1746 sd
929 1689 1021 1747 Anto-

110 1783 192 1841 nium
219 1784 394 1856 violandum,
422 1785 473 1842 sed
500 1803 517 1841 e
544 1783 689 1842 contrario
715 1784 869 1842 familiares
896 1784 959 1859 ejus
984 1804 1020 1842 ex
1041 1786 1079 1843 15

110 1881 182 1937 urbe
195 1880 402 1956 profugientes,
416 1877 556 1954 quantirm
579 1880 681 1957 potuit,
701 1880 792 1938 texit:
812 1880 916 1955 quibus
935 1880 1021 1937 rebus

110 1974 307 2050 indiguerunt,
333 1974 414 2051 juvit.
466 1975 498 2032 P.
520 1973 588 2033 verd
610 1975 766 2033 Volumnio
789 1994 826 2032 ea
851 1975 961 2047 tribuit,
989 1986 1021 2033 ut

109 2071 193 2146 plura
213 2089 230 2126 a
255 2081 375 2146 parente
400 2070 545 2146 proficisci
571 2090 630 2129 non
650 2070 803 2147 potuerint.
845 2070 906 2145 Ipsi
924 2082 1020 2127 eutem

110 2165 232 2237 Fulviae,
246 2184 335 2239 quum
348 2164 447 2223 litibus
461 2165 655 2238 distineretur,
670 2165 840 2241 magnisque
862 2165 1019 2223 terroribus

110 2272 271 2333 vexaretur,
292 2260 373 2319 tantft
398 2260 550 2337 diligentis
569 2261 697 2318 officium
719 2279 803 2317 suurn
825 2259 966 2335 prestitit,
988 2271 1020 2318 ut
1038 2260 1079 2318 ἢ]

110 2341 222 2415 nullum
236 2356 286 2413 illa
298 2355 404 2414 stiterit
417 2356 612 2414 vadimonium
626 2357 689 2414 sine
703 2356 813 2428 Attico,
829 2356 877 2413 hie
901 2375 1019 2431 sponsor
1035 2428 1038 2432 Ι

110 2452 345 2521 omniumrerum
361 2451 454 2509 suerit.
495 2451 691 2523 Quinetiam,
713 2469 801 2525 quum
825 2451 875 2508 ille
899 2452 1019 2519 limdum

110 2528 369 2605 secunds'tortuns
383 2546 500 2604 emisset
514 2545 544 2603 in
563 2546 651 2617 diem,
674 2564 767 2620 neque
790 2558 855 2621 post
876 2545 1020 2603 calamita-

110 2654 170 2702 tem
181 2661 327 2700 rersuram
341 2644 437 2699 faeere
450 2641 600 2718 potuisset,
615 2640 663 2697 ille
677 2659 708 2697 se
730 2639 909 2717 interposuit,
934 2659 1021 2716 peon·

110 2737 246 2812 uiamque
259 2736 323 2794 sine
337 2737 455 2808 foenore,
480 2735 599 2811 sineque
625 2735 684 2792 ullfs
708 2735 891 2812 stipulatione
910 2734 938 2792 ei
959 2754 1021 2792 ere·
1038 2735 1079 2793 25

44 2887 45 2890 ,
109 2831 203 2890 didit:
224 2831 382 2888 maximum
409 2830 577 2888 existimans
603 2841 753 2904 quaestum,
778 2848 936 2887 memorem
958 2848 1022 2904 gra-

110 2938 229 3002 tumque
255 2925 403 3002 eognosei,
430 2925 571 2998 simulque
599 2923 720 2999 aperire,
748 2943 780 2980 se
803 2942 862 2980 non
889 2924 1020 2994 fortunae,

110 3023 163 3081 sed
199 3021 374 3094 hominibus,
408 3020 500 3078 solere
534 3037 598 3076 esse
633 3017 768 3076 amisum.
820 3016 898 3079 Quae
931 3036 1021 3092 quum

110 3116 246 3189 faciebat,
260 3102 370 3191 nemo,
398 3134 464 3172 eum
490 3114 628 3191 temporis
654 3113 744 3171 sauss
771 3113 877 3186 faeere,
908 3123 1021 3188 poterat

110 3211 285 3270 existimare.
327 3210 448 3268 Nemini
462 3210 540 3267 enim
561 3209 592 3267 iu
606 3209 772 3285 opinionem
793 3209 937 3281 veniebat,
959 3209 1021 3266 An·
1039 3209 1080 3266 80

109 3306 233 3365 tonium'
246 3325 342 3364 rerum
366 3305 531 3381 potiturum.
573 3305 632 3362 Sed
659 3303 766 3361 sensim
791 3303 815 3362 is
839 3303 1020 3362 snonnullis

109 3401 297 3479 optimatibus
310 3399 583 3478 reprehendebatur,
597 3396 787 3475 qubdparirm
811 3398 905 3456 odisse
931 3398 1021 3455 malos

111 3497 190 3555 eires
203 3496 356 3555 rideretur.
384 3494 452 3552 *Ille
466 3505 562 3553 sutem
582 3494 627 3553 sui
646 3492 750 3569 judieii
771 3491 878 3570 potiris,
899 3492 968 3568 quid
988 3512 1020 3550 se
