2392 4132
127 342 185 399 lll‘z
217 382 236 398 .-
542 348 737 398 HANNIBAL.

184 528 356 567 enumerare
374 509 483 585 proelia.
524 508 627 569 Quare
648 509 703 565 hoc
717 525 809 564 unum
823 503 894 563 satis
908 506 962 564 erit
975 507 1097 578 dictum,

183 624 221 662 ex
234 624 290 679 quo
312 604 434 680 intelligi
448 603 547 679 possit,
563 615 687 678 quantus
702 602 749 659 ille
765 600 858 659 suerit.
899 600 1052 662 Quamdiu
1067 603 1098 659 in

183 699 270 757 Italid
291 699 354 771 luit,
370 718 455 757 nemo
469 700 497 756 ei
511 699 541 755 in
556 698 619 755 acie
633 697 748 769 restitit,
762 715 849 754 nemo
870 694 1010 755 adversius
1030 716 1099 755 eum

181 806 246 870 post
261 795 448 852 Cannensem
462 813 591 870 pugnam
604 793 635 850 in
650 811 753 869 campo
766 802 862 850 castra
875 791 979 866 posuit.

141 886 163 946 ὅ
178 900 180 903 ’
222 889 276 947 vl.
319 889 381 946 Hic
392 889 517 946 invictus
531 888 653 964 patriam
668 888 819 944 defensum
829 890 980 945 revocatus
991 888 1100 944 bellum

183 985 273 1060 gessit
300 981 437 1042 adversds
464 984 497 1041 P.
520 982 697 1059 Scipionem,
719 981 809 1038 lilium
837 981 910 1058 ejus,
930 1000 1016 1057 quem
1038 982 1101 1058 ipse

182 1077 308 1154 primum
333 1080 408 1155 apud
436 1078 625 1150 Rhodanum,
646 1077 750 1135 iterum
773 1077 848 1152 apud
869 1076 991 1149 Padum,
1011 1076 1099 1136 tertio

184 1173 260 1249 apud
290 1174 431 1231 Trebiam
459 1174 615 1248 fugaverat.
675 1172 752 1229 Cum
786 1173 852 1243 hoc,
873 1172 1021 1230 exhaustis
1039 1173 1101 1247 jam

182 1267 283 1343 patriae
318 1268 513 1341 facultatibus,
549 1267 658 1343 cupivit
690 1266 949 1343 impresentiarum
991 1268 1100 1325 bellum

127 1362 370 1438 lamponem,
397 1361 454 1437 quo
481 1362 621 1420 valentior
644 1373 745 1437 postea
775 1362 1008 1437 congrederetur.
1062 1361 1100 1420 In

183 1456 359 1530 colloquium
393 1457 539 1529 convenit,
573 1456 754 1515 conditiones
798 1476 856 1513 non
890 1469 1099 1516 convenerunt.

184 1550 252 1608 Post
266 1550 295 1608 id
310 1552 418 1610 sactum
431 1551 535 1628 paucis
547 1552 650 1608 diebus
669 1551 744 1628 apud
766 1550 891 1608 Zamam
905 1569 973 1608 cnm
994 1552 1099 1610 eodem
1135 1627 1140 1631 q

183 1645 322 1704 conflixit.
383 1647 498 1719 Pulsus,
520 1646 691 1704 incredibile
712 1646 804 1718 dictu,
826 1645 915 1704 biduo
936 1657 966 1704 et
986 1647 1101 1706 duabus

183 1740 319 1798 noctibus
346 1741 559 1800 Hadrumetum
585 1741 726 1818 pervenit,
752 1741 827 1815 quod
856 1741 938 1799 abest
962 1760 980 1798 a
1004 1741 1101 1800 Zamd

127 1835 165 1892 15
185 1834 301 1892 circiter
315 1836 406 1893 millia
418 1856 557 1913 passuum
568 1847 708 1894 trecenta.
749 1835 785 1891 In
800 1834 856 1892 hta
867 1835 937 1911 lugd
951 1834 1100 1897 Numidae,

184 1929 234 2004 qui
249 1929 333 1987 simul
348 1948 415 1986 cum
429 1949 464 1988 eo
477 1949 514 1988 ex
529 1930 591 1987 acie
606 1941 801 2002 excesserant,
816 1929 944 1987 insidiati
963 1942 1032 1989 sunt
1051 1932 1099 2001 ei;

185 2042 257 2098 quos
270 2042 329 2081 non
344 2021 436 2082 soldm
451 2024 562 2101 effugit,
577 2026 627 2082 sed
642 2024 729 2082 etiam
750 2023 827 2101 ipsos
847 2024 996 2100 oppressit.
1039 2026 1100 2083 Ha-

185 2118 310 2177 drumeti
337 2119 461 2195 reliquos
487 2138 523 2177 ex
547 2118 617 2195 fugd
644 2118 769 2194 collegit.
819 2118 912 2177 Novis
937 2116 1100 2179 delectih'us

118 2206 125 2216 ’
184 2213 287 2289 paucis
301 2214 404 2271 diebus
417 2215 522 2272 multos
536 2214 688 2273 contraxit.

124 2308 167 2368 2⁰
225 2308 296 2366 Vll.
337 2308 439 2370 Quum
454 2309 484 2366 in
499 2309 664 2384 apparando
679 2306 817 2366 acerrime
833 2318 909 2366 esset
928 2326 1100 2386 occupatus,

186 2403 445 2479 Carthaginienses
471 2404 578 2461 bellurn
605 2423 673 2460 cum
694 2403 838 2462 Romanis
866 2416 1097 2480 composuerunt.

187 2496 241 2556 Ille
268 2498 360 2557 nihilo
386 2496 483 2558 secids
507 2499 648 2557 exercitui
670 2510 771 2575 postea
790 2498 915 2576 praefuit,
940 2518 1044 2575 resque
1068 2499 1099 2557 in

187 2593 290 2651 Alricd
303 2594 403 2670 gessit,
418 2594 544 2670 itemque
559 2595 649 2671 Mago
669 2597 757 2652 frater
770 2595 843 2671 ejus,
863 2594 956 2671 usque
972 2596 1009 2652 ad
1023 2594 1100 2652 Pub·

187 2689 258 2747 lium
286 2689 447 2765 Sulpicium
475 2702 505 2749 et
531 2690 637 2746 Caium
663 2690 816 2746 Aurelium
843 2689 995 2749 Consules.
1042 2689 1098 2747 His

125 2786 168 2844 26
187 2783 266 2843 enirn
287 2784 502 2860 magistratibus
521 2784 609 2860 legati
635 2784 892 2860 Carthaginienses
912 2783 1040 2842 Romam
1053 2802 1100 2840 re·

183 2890 303 2953 nerunt,
317 2878 367 2955 qul
380 2878 495 2938 senatui
515 2879 674 2956 populoque
689 2877 825 2937 Romano
839 2877 947 2954 gratias
968 2889 1098 2954 agerent,

187 2974 265 3052 qudd
285 2993 353 3032 oum
373 2975 420 3033 his
439 2994 540 3052 pacem
563 2974 709 3047 fecissent,
723 2974 761 3032 ob
781 2992 902 3048 eamque
915 2991 977 3030 rem
991 2972 1099 3031 corond

187 3072 275 3129 aurea
289 3090 339 3129 eos
352 3071 503 3142 donarent,
515 3069 656 3146 simulque
669 3079 809 3144 peterent,
824 3079 857 3127 ut
869 3067 986 3126 obsides
998 3086 1099 3125 eorum

187 3163 329 3238 Fregellis
342 3176 449 3237 essent,
464 3163 626 3238 captivique
640 3163 836 3221 redderentur.
887 3162 944 3220 His
958 3179 994 3220 ex
1009 3163 1101 3219 Sena·

127 3258 168 3316 30
187 3256 234 3315 tris
261 3257 393 3315 consulto
419 3276 588 3333 responsum
615 3269 678 3316 est:
706 3257 838 3315 ‘Munus
864 3275 964 3314 eorum
984 3268 1099 3332 gratum

155 3342 175 3411 3·
188 3361 396 3425 acceptumque
410 3370 474 3409 ese
486 3371 494 3421 ;
515 3351 640 3425 obsides,
655 3371 712 3427 quo
721 3353 786 3410 loco
797 3362 944 3428 rogarent,
966 3352 1079 3410 futuros
1091 3370 1099 3420 3

187 3444 315 3520 captivos
329 3464 387 3504 non
401 3445 580 3520 remissoros,
591 3444 669 3521 qudd
690 3446 897 3518 Hannibalem,
912 3446 997 3522 cujus
1012 3447 1101 3523 operi

188 3550 354 3616 susceptum
363 3540 470 3599 bellum
485 3542 568 3614 foret,
583 3540 814 3599 inimicissimum
824 3539 937 3599 nomini
952 3540 1101 3613 Romano,
