2392 4132
465 299 672 350 mauranus.
1057 295 1077 352 ὅ

113 463 273 539 loquentes,
295 463 344 536 qui
368 462 471 519 Asiam
492 463 663 534 incolerent,
686 462 740 520 sub
763 463 816 520 suh
840 473 1018 534 retenturum

113 568 266 633 potestate,
280 557 305 614 si
314 556 416 614 amicis
424 556 484 615 suis
494 557 718 633 oppidatuenda
727 556 902 629 tradidisset,
913 556 1018 633 quibus

112 672 144 709 se
158 672 294 728 oppresso
307 651 388 709 nulla
401 671 466 728 spes
479 652 581 710 salutis
594 651 811 727 relinqueretur.
852 651 888 709 ln
900 653 956 710 hoc
964 653 1018 710 fuit

112 757 175 805 tum
201 764 323 804 numero
350 745 509 818 Miltiades,
536 745 585 803 cui
611 746 661 803 illa
687 746 819 804 custodia
842 747 1016 804 crederetur.

113 839 174 899 Hic
184 860 273 916 quum
287 840 382 898 crebri
403 841 538 898 afferrent
550 841 657 914 nuntii,
671 840 746 898 meld
761 859 822 898 rem
840 859 941 916 gerere
960 841 1018 898 Da·
1036 842 1058 900 ὅ

112 937 188 994 rium
201 936 348 1012 premique
360 936 397 993 ab
411 936 538 1011 Scythis,
553 935 701 993 Miltiades
724 937 854 994 hortatus
866 947 911 994 est
921 935 1017 1012 pontis

112 1034 258 1105 custodes,
278 1051 317 1089 ne
342 1050 359 1089 a
384 1032 500 1090 fortuna
526 1032 623 1089 datam
649 1031 834 1091 occasionem
860 1032 1017 1090 liberanda

112 1126 234 1183 Graeciae
244 1125 431 1184 dimitterent.
472 1125 551 1184 Nam
559 1127 659 1184 sicum
670 1126 715 1185 his
723 1126 825 1203 copiis,
836 1146 908 1202 quas
916 1146 1015 1184 secum

112 1231 363 1296 transportaverat,
377 1219 523 1280 interisset
544 1221 660 1294 Darius,
683 1241 741 1280 nou
755 1220 849 1280 eoldm
870 1221 1016 1298 Europam

113 1317 289 1388 loretutam,
304 1315 457 1374 sedetiam
471 1335 530 1388 eos,
551 1315 600 1392 qui
619 1315 721 1374 Asiam
741 1317 901 1375 incolerent
919 1315 1014 1374 Greci
1038 1317 1075 1375 lo

113 1429 230 1487 genere,
242 1410 349 1468 liberos
363 1428 380 1466 a
393 1409 546 1468 Persarum
560 1412 675 1469 futuros,
683 1409 881 1469 dominatione
889 1422 924 1468 'et
941 1410 1016 1487 peri-

111 1505 187 1562 culo.
237 1503 273 1560 Id
301 1498 387 1562 facile
415 1504 491 1562 effici
516 1523 610 1580 posse.
660 1504 751 1564 Ponte
779 1505 857 1563 enim
880 1505 1013 1577 rescisso,

112 1600 228 1677 Regem
243 1600 287 1658 rel
302 1600 426 1658 hostiurn
442 1600 518 1657 ferro
530 1601 575 1656 vel
589 1600 687 1675 inopia
700 1600 802 1675 paucis
815 1601 918 1657 diebus
929 1600 1015 1659 inter·

95 1695 228 1753 iturum.
270 1697 319 1754 Ad
333 1697 390 1753 hoc
409 1695 563 1753 consilium
585 1713 674 1770 quum
687 1694 816 1770 plerique
831 1696 1014 1768 accederent,

113 1790 252 1850 Histiaeus
266 1790 409 1863 Milesius,
424 1809 461 1848 ne
475 1808 522 1848 res
535 1789 737 1862 conficeretur,
751 1789 871 1862 obstitit,
893 1790 1013 1848 dicens:
1037 1793 1074 1848 15

113 1905 171 1946 non
185 1887 262 1944 idem
276 1886 356 1962 ipsis,
369 1885 419 1962 qui
433 1904 560 1944 summas
574 1884 687 1962 imperii
704 1897 847 1957 tenerent,
868 1886 1014 1961 expedire,

112 1992 142 2040 et
153 1980 342 2054 multitudini,
356 1980 434 2056 qudd
448 1973 531 2039 Darii
544 1999 635 2057 regno
656 1979 782 2057 ipsorum
806 1980 946 2039 niteretur
966 1981 1016 2039 do·

113 2076 250 2146 minatio;
272 2095 329 2151 quo
342 2077 479 2149 extincto,
494 2075 571 2152 ipsos
588 2086 729 2151 potestate
749 2075 883 2150 expulsos
903 2074 1014 2133 civibus

112 2171 283 2248 suispoenas
296 2171 421 2230 daturos.
464 2170 565 2247 Itaque
580 2169 654 2228 aded
673 2189 704 2228 se
726 2170 879 2228 abhorrere
901 2181 1015 2228 scete·

112 2285 208 2324 rorum
222 2265 354 2338 consilio,
368 2277 401 2324 ut
414 2266 486 2323 nihil
500 2276 582 2342 putet
595 2265 664 2341 ipsis
678 2263 787 2338 utilius,
801 2263 888 2340 qudut
912 2264 1014 2323 confir·
1033 2263 1073 2322 20

112 2359 184 2418 mari
198 2379 320 2437 regnum
334 2360 496 2418 Persarum.
538 2359 635 2435 Hujus
648 2378 736 2435 quum
758 2359 932 2418 sententiam
952 2360 1014 2435 plu·

112 2455 177 2513 rimi
191 2467 288 2514 essent
301 2455 404 2528 secuti,
419 2455 567 2514 Miltiades
590 2474 649 2513 non
670 2454 816 2527 dubitans,
837 2466 897 2513 tam
915 2454 1013 2513 multis

112 2551 249 2624 consciis,
265 2551 301 2608 ad
315 2551 410 2627 Regis
425 2569 509 2608 aures
522 2549 644 2608 consilia
657 2568 710 2608 sua
722 2561 904 2626 perventura,
923 2549 1014 2607 Cher-

112 2665 246 2704 sonesum
260 2644 376 2722 reliquit
389 2665 424 2703 ac
437 2664 536 2703 rursus
550 2646 683 2703 Athenas
700 2643 878 2720 demigravit.
921 2643 1014 2718 Cujus

113 2740 185 2799 ratio
197 2740 252 2799 etsi
273 2760 332 2799 non
346 2739 444 2812 valuit,
469 2750 565 2798 tamen
589 2758 764 2816 magnopere
788 2749 832 2796 est
855 2737 1011 2809 laudanda,
1032 2737 1073 2793 26

111 2854 200 2911 quum
214 2835 333 2895 amicior
343 2835 472 2894 omnium
487 2834 621 2907 libertati,
640 2832 726 2910 qudm
741 2852 800 2892 suae
823 2831 909 2891 fuerit
933 2831 1012 2890 dorn-

112 2929 243 2989 inationi.
490 2930 492 2935 ’

151 3024 204 3083 IV.
246 3025 455 3083 Dariusautem
463 3041 552 3099 quum
560 3040 596 3080 ex
604 3021 721 3098 Europa
730 3021 760 3077 iu
769 3020 871 3078 Asiam
879 3018 1011 3091 redisset,

111 3120 292 3180 hortantibus
307 3119 417 3192 amicis,
432 3130 465 3177 ut
478 3118 622 3176 Graeciam
644 3116 788 3192 redigeret
806 3116 835 3173 in
858 3135 941 3174 suam
964 3135 1013 3191 po·

109 3228 254 3289 testatem,
280 3216 403 3275 classem
426 3215 650 3291 quingentarum
681 3212 798 3270 navium
826 3212 1012 3287 comparavit,
1031 3211 1072 3269 30

109 3311 195 3388 eique
215 3312 313 3370 Datim
326 3310 457 3388 praefecit
469 3323 499 3369 et
513 3311 743 3387 Artaphernem3
764 3307 866 3383 hisque
885 3309 1012 3366 ducenta

109 3408 250 3486 peditum,
265 3407 367 3466 decem
381 3405 471 3464 millia
483 3406 622 3482 equitum,
636 3403 735 3462 dedit:
756 3423 874 3463 causam
894 3403 1012 3462 interse-

18 3544 23 3560 .
110 3522 187 3580 rens,
202 3522 234 3563 se
247 3505 358 3563 hostem
372 3520 437 3562 esse
450 3501 690 3574 Atheniensibus,
703 3497 781 3576 qudd
794 3497 1012 3558 eorumauxilio
1117 3504 1118 3507 ’

311 3598 360 3656 l·
