2392 4132
476 341 655 394 natamus.
1035 334 1076 393 59

109 503 226 578 adquos
237 501 421 573 transierant,
436 503 472 559 ab
495 503 595 578 hisque
622 515 709 576 stare,
731 523 802 578 quos
823 503 1014 579 reliquerant:

107 599 211 673 quibus
235 615 324 671 quum
347 596 443 654 neutri
464 609 627 671 parcerent,
652 599 784 659 celeriter
808 610 876 656 sunt
894 597 1015 656 concisi.

109 693 248 768 Reliquos
274 690 389 749 Pisidas
415 691 582 749 resistentes
604 691 742 767 Datames
766 692 893 750 invadit:
924 693 1018 768 primo

109 787 215 863 impetu
236 786 327 862 pellit,
355 785 500 861 fugientes
525 787 715 861 persequitur,
741 789 845 846 multos
869 788 1015 861 interficit,

108 895 202 940 castra
216 880 342 939 hostium
356 880 442 956 capit.
485 880 553 937 Tali
567 882 689 939 oonsilio
702 901 761 940 uno
774 893 902 958 tempore
916 894 945 940 et
955 903 1018 958 pro-
1036 884 1057 940 5

108 977 214 1034 ditores
227 974 361 1051 perculit,
376 987 405 1032 et
419 976 520 1032 hostes·
533 975 711 1050 profligavit;
732 988 771 1048 et,
796 978 872 1052 quod
895 979 930 1035 ad
955 998 1018 1053 per·

109 1070 323 1127 nicietnfuerat
336 1069 504 1144 cogitatum,
519 1069 599 1127 idad
614 1070 736 1128 salutem
757 1073 906 1130 convertit.
946 1074 1017 1135 Quo

112 1184 203 1240 neque
226 1164 340 1222 acutius
352 1164 440 1221 ullius
454 1165 634 1241 imperatoris
645 1166 813 1242 cogitatum,
828 1186 922 1241 neque
943 1168 1018 1224 cele·

111 1260 170 1317 rius
185 1261 295 1318 facturn
309 1278 431 1334 usquam
444 1259 577 1335 legimus.

55 1338 121 1433 „s
147 1354 218 1412 v11.
260 1355 309 1412 Ab
323 1357 378 1412 hoc
390 1366 487 1412 tamen
501 1354 562 1413 viro
576 1354 704 1413 Scisrnas
717 1356 844 1414 maximo
857 1368 928 1414 natu
939 1356 1015 1414 lilius
1037 1357 1076 1414 1⁰

109 1449 221 1521 desciit,
238 1450 274 1506 ad
288 1449 460 1525 Regemque
479 1449 603 1522 transiit,
627 1461 658 1508 et
680 1451 717 1508 de
742 1451 905 1509 defectione
926 1452 1016 1526 patris

109 1543 219 1603 detulit.
260 1543 332 1606 Quo
344 1544 447 1602 nuntio
461 1543 639 1603 Artaxerxes
653 1557 822 1617 commotus,
834 1545 912 1620 quod
934 1546 1017 1604 intel·

110 1639 217 1716 ligebat
230 1638 286 1696 sibi
300 1658 367 1696 cum
381 1638 441 1697 viro
455 1639 521 1697 sorti
532 1657 567 1696 no
580 1651 698 1696 strenuo
709 1639 858 1716 negotium
871 1658 945 1710 esse,
957 1640 1016 1714 qui,

109 1753 195 1808 quum
210 1732 376 1810 cogitasset,
388 1734 484 1791 facere
499 1733 627 1806 auderet,
642 1745 672 1792 et
684 1732 765 1810 priris
779 1733 917 1808 cogitare,
929 1734 1016 1810 qudm

54 1872 57 1879 .
109 1829 217 1901 conari,
246 1827 425 1901 consudsset,
460 1829 710 1903 Autophradatem
734 1828 765 1886 in
801 1828 1017 1904 Cappadociam
1039 1832 1077 1888 15

109 1925 203 1983 mittit.
246 1924 305 1981 Hic
317 1943 354 1981 ne
368 1924 475 1982 intrare
489 1935 585 2000 posset
598 1925 713 1997 saltum,
725 1923 756 1981 in
767 1944 823 1999 quo
834 1923 946 1982 Ciliciae
954 1945 1018 2000 por·

109 2029 144 2076 tn
168 2030 236 2076 sunt
259 2019 331 2092 situ,
346 2018 485 2077 Datames
508 2038 711 2095 preoccupare
725 2020 843 2078 studuit.
886 2020 945 2077 Sed
959 2033 1018 2078 tam

109 2112 204 2172 subito
218 2113 317 2189 copias
331 2115 501 2172 contrahere
515 2133 573 2171 non
588 2114 694 2190 potuit:
716 2133 733 2170 a
746 2115 802 2189 qud
821 2134 851 2171 re
870 2115 1017 2189 depulsus,

103 2200 176 2265 ¹cum
189 2209 226 2265 ed
239 2227 338 2280 manu,
352 2227 439 2284 quam
452 2219 645 2282 contraxerat,
667 2209 763 2267 locum
787 2209 895 2284 delegit
919 2210 1016 2282 talem,

110 2315 140 2361 ut
153 2323 248 2379 neque
262 2303 463 2362 circumiretur
478 2305 514 2361 ab
528 2304 668 2377 hostibus,
680 2323 774 2380 neque
795 2304 954 2380 preteriret
969 2306 1016 2362 ad·
1035 2306 1077 2364 20

109 2399 263 2470 ternarius,
278 2399 349 2473 quin
363 2398 538 2474 ancipitibus
551 2400 624 2457 locis
636 2411 823 2474 premeretur,
838 2411 877 2472 et,
892 2399 916 2456 si
935 2400 1017 2456 dirni·

110 2512 176 2552 care
190 2512 258 2551 cum
272 2513 306 2552 eo
318 2495 413 2566 vellet,
427 2513 485 2552 uon
499 2493 621 2552 muttum
636 2494 738 2552 obesse
759 2495 912 2552 multitudo
931 2496 1018 2552 hosti-

109 2607 159 2646 um
172 2608 232 2647 suae
246 2589 387 2665 paucitati
401 2602 505 2665 posset.

148 2683 236 2742 VIII.
278 2685 352 2742 Haec
365 2685 420 2743 etsi
431 2686 665 2761 Autophradates
673 2686 799 2759 videbat,
811 2697 907 2744 tamen
919 2686 1019 2744 statuit

109 2779 259 2857 congredi,
273 2778 360 2854 qudm
374 2798 441 2838 curn
454 2781 543 2839 tantis
557 2781 648 2857 copiis
661 2784 803 2857 refugere,
819 2794 867 2839 aut
886 2794 945 2840 tarn
967 2781 1017 2838 diu
1036 2781 1076 2838 25

110 2893 167 2933 uno
180 2875 246 2933 loco
259 2876 369 2934 sedere.
411 2874 548 2933 Habebat
562 2876 753 2933 Barbarorum
764 2875 892 2950 equitum
905 2874 1017 2949 viginti,

110 2967 239 3046 peditum
266 2982 383 3029 centum
407 2971 507 3044 millia,
531 2989 602 3044 quos
622 2970 663 3026 illi
687 2969 837 3026 Cardacas
862 2969 1017 3044 appellant,

110 3065 296 3141 ejusdemque
310 3065 426 3141 generis
436 3065 492 3124 tria
502 3063 697 3123 funditorum:
718 3074 857 3140 praeterea
869 3064 1019 3139 Cappado-

110 3178 177 3218 cum
190 3172 267 3233 octo‚
282 3161 488 3219 Armeniorum
502 3161 615 3233 decern,
640 3160 858 3237 Paphlagonum
881 3161 1017 3237 quinque,

112 3253 257 3332 Phrygum
276 3256 389 3328 decem,
415 3256 561 3331 Lydorum
588 3256 725 3332 quinque,
752 3256 966 3330 Aspendiorum
990 3268 1019 3316 et
1038 3258 1079 3315 30

111 3349 273 3409 Pisidarum
287 3350 403 3409 circiter
417 3350 482 3424 tria,
497 3351 624 3408 Cilicum
638 3351 705 3422 duo,
725 3350 931 3426 Captianorum
955 3350 1020 3409 toti·

111 3445 186 3521 dem,
200 3465 238 3506 ex
251 3445 367 3505 Grauia
384 3447 593 3505 conductorum
606 3446 662 3504 tria
674 3444 783 3502 millia:
805 3445 876 3502 levis
898 3457 1020 3503 armatu·

112 3558 149 3599 ro
174 3541 334 3601 maximum
357 3560 519 3600 numerum.
574 3540 638 3599 Has
668 3536 805 3598 advershs
831 3539 929 3614 copias
955 3558 1021 3614 spes
